1554 2357
684 50 43 31 --
753 50 108 29 16
823 50 38 31 =

153 149 213 39 Sogenannten
384 146 251 32 Schweizerdach
651 146 152 31 vergehen
818 145 53 39 ist,
894 146 55 31 der
965 146 149 32 Kinwand
1132 148 177 39 begründet
1333 148 54 39 sei,

153 202 70 30 dass
248 202 101 31 dieses
375 201 68 31 eine
468 210 33 22 80
526 210 107 32 grosse
657 199 215 42 Abweichung
900 200 56 32 der
980 200 139 32 Sehlinie
1143 210 59 22 von
1227 202 55 31 der
1305 202 83 32 loth-

152 256 129 42 rechten
316 255 150 41 bedinge,
506 255 71 31 dass
615 253 137 31 dieselbe
788 254 223 41 überhaupt
1046 255 111 31 keine
1193 256 194 31 vertikale

150 310 197 40 Richtung
381 310 107 31 mehr
522 308 107 31 habe.
677 307 129 32 Danach
835 309 106 31 würde
971 308 55 31 der
1059 308 224 34 Hausbezgitzer
1313 311 75 30 aber

150 364 117 32 immer:
292 364 80 32 noch
401 361 179 41 berechtigt
603 361 83 40 Sein,
717 362 99 32 durch
844 361 258 42 ungewöhnliche
1126 362 260 43 Kinrichtungen,

137 417 69 31 'wie
237 417 214 40 übermässige
482 415 98 32 Dicke
609 416 56 32 der
691 416 131 31 Mauern
852 416 65 31 und
945 415 106 31 weites
1077 415 226 34 Zurücktreten
1332 418 54 31 des

150 472 147 31 Fensters
311 471 80 31 nach
405 470 54 31 der
480 470 129 31 inneren
623 470 220 39 Mauerfläche,
860 470 210 40 Anbringung
1093 478 60 22 von
1169 469 120 32 Erkern
1313 472 75 30 oder

151 526 162 31 Balkonen
339 525 68 30 eine
424 523 215 41 Abweichung
663 524 54 31 der
734 523 137 32 Sehlinie
896 534 59 21 von
980 524 55 31 der
1054 523 198 32 lothrechten
1276 524 49 31 bis
1349 535 38 20 zu

151 583 41 29 45
219 578 85 32 Grad
329 588 37 21 zu
382 578 166 40 bewirken,
574 578 146 32 während
738 577 49 32 die
804 577 214 42 Abweichung
1034 579 93 31 unter
1150 578 234 41 gewöhnlichen

151 631 243 33 Verhältnissen
423 642 60 22 nur
512 633 78 31 etwa
620 635 17 29 5
667 632 48 31 bis
748 633 39 30 10
813 630 85 33 Grad
926 631 149 41 betragen
1104 632 112 32 dürfte.
1264 633 58 30 Ein
1352 642 33 21 80

151 685 240 33 Schwankender
406 687 157 31 Mässstab
588 685 103 32 dürfte
714 686 112 31 immer
849 685 80 31 noch
953 685 212 41 ungegeignet
1190 686 77 38 Sein,
1292 686 93 30 Allen

151 739 138 42 gleiches
315 740 101 32 Recht
439 740 65 31 und
528 738 120 41 gleiche
673 738 76 32 Last
777 749 216 28 zuzumessen,
1024 740 39 31 da
1093 739 65 32 Sich
1189 739 118 32 danach
1332 740 55 30 der

151 794 68 31 eine
243 793 202 41 Berechtigte
475 792 59 32 mit
565 792 85 31 einer
680 790 62 32 fast
770 791 230 39 vollständigen
1025 791 195 31 Dunkelheit
1243 794 143 37 genügen

150 848 114 39 lassen,
290 848 55 31 der
369 847 114 31 andere
507 845 82 31 volle
614 844 186 41 TageShelle
826 844 236 41 beanspruchen
1086 844 126 40 könnte,
1238 844 55 31 der
1318 844 68 31 eine

150 901 223 41 Verpflichtete
397 899 119 41 wenige
540 899 79 32 Fuss
650 909 59 22 von
739 900 54 32 der
818 899 119 32 Grenze
962 899 50 32 ein
1037 899 224 41 vierstöckiges
1286 900 97 38 Haus,

150 955 50 31 ein
229 955 131 32 anderer
389 954 74 32 aber
491 953 33 32 in
549 953 85 33 einer
656 954 199 40 Entfernung
884 963 60 22 von
976 956 40 30 30
1041 954 80 31 Fuss
1151 953 89 32 nicht
1269 953 115 31 einmal

150 1008 50 32 ein
225 1008 229 42 zweistöckiges
480 1007 164 33 aufführen
669 1007 113 33 dürfte.

239 1063 59 31 Die
322 1062 38 41 88
390 1065 60 29 142
478 1062 64 31 und
570 1064 61 29 143
661 1062 50 31 tit.
738 1064 18 28 8
782 1061 57 31 Th.
864 1061 26 31 1
914 1061 37 31 A.
980 1061 88 32 1.-R.
1100 1060 284 32 bieten
1213 1060 14 43 :
1239 1060 145 32 hiernach

149 1116 86 32 einer
258 1116 168 41 gerechten
450 1114 65 32 und
544 1114 152 40 unbillige
720 1113 121 31 Härten
865 1113 292 31 ausschliessenden
1181 1114 205 40 Anwendung

150 1180 32 21 80
200 1179 106 32 970886
321 1168 285 42 Schwierigkeiten,
623 1167 70 32 dass
708 1167 55 32 der
776 1166 141 33 Wunsch
931 1165 239 43 gerechtfertigt
1186 1165 67 31 Sein
1270 1166 114 37 dürfte,

149 1233 32 23 es
205 1229 90 36 möge
321 1224 60 31 den
405 1222 270 42 gegetzgebenden
691 1223 155 31 Faktoren
871 1221 144 42 gefallen,
1041 1222 59 31 den
1119 1219 266 34 Grundbesitzern

147 1278 65 31 und
242 1278 61 31 den
327 1277 170 31 Gerichten
526 1277 53 31 des
604 1277 122 31 Landes
758 1276 50 31 die
838 1285 106 31 grosse
968 1276 166 31 Wohlthat
1162 1285 38 20 zu
1224 1274 159 36 erweisen,

149 1332 44 31 Sie
217 1331 170 41 möglichst
410 1331 75 32 bald
509 1331 204 32 aufzuheben.
