1553 2357
727 49 31 28 Si
787 49 31 28 ENE
829 49 52 28 12222

280 148 115 32 Prüfen
413 150 55 30 wir
484 159 64 21 nun
566 158 54 21 aus
639 146 126 36 diesem,
792 153 53 20 aus
871 143 55 30 der
942 143 102 31 Natur
1061 145 54 31 der
1133 146 98 34 Sache
1256 150 167 39 folgenden

192 201 267 41 Gegichtspunkte
485 202 59 30 den
560 199 105 33 Inhalt
689 198 55 31 der
765 195 116 32 Motive
906 205 68 22 zum
993 195 122 43 Gesetz,
1141 209 33 21 80
1200 202 134 40 ergeben
1358 202 65 31 die-

191 255 117 38 Selben,
336 256 70 31 dass
425 256 101 40 einige
543 253 168 33 Monenten
730 260 31 21 es
778 249 83 31 beim
878 249 175 31 römischen
1069 250 101 33 Recht
1187 253 113 40 lassen,
1327 255 94 31 andre

191 309 70 30 dem
285 309 146 31 Nachbar
454 318 59 22 nur
536 307 189 38 untergagen
748 302 135 39 wollten,
910 302 49 31 die
987 302 131 32 Fenster
1142 305 54 31 des
1225 308 118 30 andern
1367 318 54 21 aus

190 363 121 30 blosger
335 363 136 31 Chikane
496 372 37 20 zu
556 360 163 31 verbauen.
770 357 90 30 Dann
884 356 104 31 wurde
1014 356 49 31 ein
1086 357 213 44 Mittelweg
1315 371 108 31 vorge-

191 416 156 41 Schlagen,
371 417 33 30 in
421 415 146 32 welchem
584 412 66 31 drei
665 411 87 31 Fälle
768 410 241 31 unterschieden
1026 411 141 32 wurden:
1182 430 41 4 --
1239 412 36 32 ef.
1293 414 128 32 Entsch.

189 470 89 31 Band
296 473 40 29 80
362 471 30 30 S8.
419 471 74 29 271.

163 519 2 3 :
284 524 33 40 1)
352 523 64 30 Der
439 520 161 33 Nachbar,
630 518 150 31 welchem
810 517 99 32 durch
934 518 59 30 den
1018 518 132 32 Neubau
1174 520 55 31 das
1253 520 93 31 Licht
1369 522 54 30 be-

350 583 146 22 nommen
524 572 91 40 wird,
647 572 55 31 hat
736 581 70 22 nur
836 581 71 21 von
939 570 133 32 dieser
1103 572 104 32 Seite
1237 573 93 31 Licht
1358 575 65 30 und

349 627 141 39 Fenster,
516 627 82 31 dann
616 636 86 21 muss
720 626 55 31 der
791 625 148 31 Bauende
957 634 31 22 80
1006 625 72 31 weit
1095 627 229 39 zurücktreten,
1350 627 71 31 dass

350 682 55 31 der
421 682 145 32 Nachbar
578 681 80 32 noch
671 691 54 21 aus
740 681 60 31 den
813 679 220 42 ungeöffneten
1046 679 153 32 Fenstern
1212 680 53 31 des
1279 680 144 32 untern

350 736 192 32 Stockwerks
569 736 59 31 den
652 734 138 32 Himmel
815 734 93 32 Sehen
933 733 90 32 kann.

281 792 35 40 2)
352 792 63 30 Hat
440 791 55 31 der
517 790 146 32 Nachbar
686 789 80 31 noch
790 798 60 21 von
874 788 106 30 einer
1003 787 117 31 andern
1138 786 83 32 Seite
1241 787 93 31 Licht
1358 789 65 31 und

351 846 147 38 Fenster,
524 845 82 30 dann
635 843 82 31 kann
748 842 106 31 Soweit
882 840 173 41 vorgebaut
1086 840 138 39 werden,
1255 841 70 31 dass
1351 853 72 21 man

352 899 81 31 noch
469 907 54 22 aus
560 897 60 31 den
656 896 152 31 Fenstern
844 894 52 32 des
938 893 159 32 zweiten
1132 892 193 33 Stockwerks
1363 896 60 31 den

352 950 140 32 Himmel
517 950 95 31 Sehen
635 949 91 30 kann.
1314 951 2 2 ;

282 1005 34 41 3)
352 1004 64 31 Hat
447 1013 32 20 er
507 1001 91 33 noch
618 1012 59 21 von
705 1001 203 31 mehreren
938 1000 106 31 Seiten
1072 1000 92 31 Licht
1192 1001 65 31 und
1280 1001 142 41 Fengster,

352 1068 32 21 50
410 1056 71 32 darf
501 1057 55 30 der
578 1056 149 31 Bauende
752 1064 59 21 nur
840 1053 66 31 drei
931 1053 214 32 Werkschuhe
1176 1064 60 21 von
1267 1055 69 31 dem
1363 1056 60 31 Ge-

351 1111 101 31 bäude
478 1110 52 31 des
555 1109 162 31 Nachbars
741 1107 203 40 wegbleiben.
1306 1120 2 2 ;

279 1166 80 30 Dass
385 1164 68 31 hier
469 1172 59 21 nur
551 1163 111 32 immer
678 1170 61 21 von
763 1160 71 31 dem
858 1170 143 30 ganzen
1023 1160 182 32 Gebäude
1229 1163 65 31 und
1310 1164 113 31 dessgen

190 1217 256 33 Aussgenwänden
469 1215 49 31 die
535 1214 84 31 Rede
635 1213 51 40 ist,
712 1213 141 32 versteht
877 1214 65 31 Sich
968 1224 76 31 ganz
1067 1223 59 22 von
1152 1215 109 40 Sgelbst,
1285 1216 66 31 und
1375 1227 47 21 er-

190 1272 86 40 giebt
301 1270 66 32 Sich
392 1269 79 31 auch
495 1268 68 31 klar
587 1277 55 21 aus
668 1267 54 32 der
745 1267 144 41 Fassung
913 1268 53 31 des
993 1268 145 32 Gesetzes
1163 1268 66 31 und
1253 1269 81 41 dem,
1360 1280 61 22 was

191 1325 139 31 Suarez
360 1323 84 40 Sagt,
475 1331 54 22 um
559 1321 49 32 die
632 1321 162 32 Annahme
819 1321 53 31 des
895 1321 206 41 Vorschlages
1127 1332 37 21 zu
1188 1322 245 43 rechtfertigen.“

189 1379 79 30 Dass
282 1377 33 31 in
328 1377 106 31 diegen
448 1376 67 32 drei
528 1376 109 32 Fällen
650 1376 45 31 als
710 1376 313 31 Selbstverständlich
1035 1376 234 41 vorausgesetzt
1280 1376 52 40 ist,
1351 1378 71 32 dass

190 1432 60 31 die
268 1432 254 32 Behältnisse
539 1441 60 22 von
611 1430 134 32 keiner
762 1431 117 31 andern
893 1430 83 32 Seite
988 1430 116 32 bereits
1119 1430 198 41 genügendes
1330 1431 94 33 Licht

188 1488 113 39 haben,
330 1487 79 40 folgt
433 1496 54 21 aus
513 1486 55 31 der
599 1485 101 32 Natur
728 1486 55 31 der
811 1484 108 41 Sache,
956 1484 48 38 da,
1033 1494 87 22 wenn
1145 1484 49 32 die
1222 1484 200 33 Behältnisge

190 1541 120 31 Solches
327 1541 111 38 haben,
456 1550 60 22 von
534 1540 100 31 einem
647 1539 179 32 Nothstand
843 1538 178 41 überhaupt
1037 1538 90 32 keine
1144 1538 85 31 Rede
1247 1537 67 32 Sein
1329 1538 93 33 kann.

279 1595 48 31 Da
350 1594 79 31 nach
456 1593 140 31 Suarez
613 1593 203 41 Aeusgerung
840 1594 102 31 dieger
966 1592 261 41 vorgesSchlagene
1249 1592 175 42 Mittelweg

190 1648 151 41 acceptirt
356 1648 52 39 ist,
428 1657 32 21 80
484 1650 128 28 müsgen
629 1647 49 31 die
703 1646 39 41 SS
762 1650 63 29 142
842 1648 64 31 und
923 1649 61 30 143
1009 1647 61 31 den
1085 1646 109 32 Fällen
1220 1645 38 32 ad
1280 1649 12 28 1
1319 1647 66 31 und
1403 1650 20 29 2

190 1702 217 40 entsprechen.
454 1701 64 31 Das
542 1700 44 31 ist
608 1710 31 22 u.
665 1701 35 30 E.
726 1701 80 31 auch
831 1701 55 32 der
909 1701 78 32 Fall.
1035 1700 91 32 Denn
1151 1700 43 31 sie
1218 1699 125 32 lauten:

279 1756 17 40 S
322 1758 72 29 142.
443 1754 77 32 Sind
539 1754 115 40 jedoch
683 1753 50 31 die
757 1754 132 32 Fenster
919 1755 54 31 des
997 1754 176 38 Nachbars,
1205 1763 55 22 vor
1284 1754 139 33 welchen

350 1808 117 41 gebaut
490 1808 123 32 werden
630 1807 68 40 Soll,
724 1808 98 33 chon
845 1809 60 31 geit
924 1811 38 29 10
980 1808 118 31 Jahren
1123 1807 74 31 oder
1220 1799 110 49 länger
1353 1819 70 22 vor-

349 1862 140 38 handen,
525 1861 66 31 und
626 1861 49 30 die
712 1862 266 39 Behältnisse,
1014 1871 45 21 wo
1096 1860 44 31 Sie
1171 1860 65 32 Sich
1265 1862 156 42 befinden,

350 1916 102 31 haben
475 1925 60 22 nur
558 1925 60 21 yon
643 1915 102 32 dieger
769 1917 84 32 Seite
876 1916 101 39 Licht,
1004 1925 32 21 80
1060 1924 86 22 muss
1172 1915 56 31 der
1250 1925 80 23 neue
1355 1918 69 32 Bau

353 1969 106 32 Soweit
482 1968 233 42 zurücktreten,
743 1971 70 31 dass
839 1971 56 31 der
917 1969 146 32 Nachbar
1092 1968 80 32 noch
1201 1979 55 22 aus
1282 1971 60 32 den
1366 1982 57 21 un-

350 2023 176 42 geöffneten
549 2022 154 33 Fenstern
733 2025 53 32 des
817 2024 132 32 unteren
977 2022 192 32 Stockwerks
1200 2023 60 32 den
1283 2025 140 32 Himmel

351 2076 158 33 erblicken
532 2076 111 32 könne.

280 2129 20 46 S8
317 2134 80 41 143.
445 2131 63 30 Hat
524 2130 39 31 in
587 2131 142 32 diegsem
745 2132 109 32 Falle
879 2132 67 30 das
970 2129 183 40 Gebäude
1179 2131 53 32 des
1249 2132 172 39 Nachbars,

349 2187 34 31 in
412 2185 149 31 welchem
590 2185 49 31 die
669 2186 132 33 Fenster
833 2186 66 32 Sich
929 2183 160 40 befinden,
1120 2185 80 32 noch
1229 2196 61 22 von
1314 2185 107 32 einer
