1554 2357
638 45 216 42 GREET
760 45 21 42 15
791 45 63 42 IDEN

147 155 145 31 während
324 155 50 31 die
405 156 79 30 oben
514 154 233 40 mitgetheilten
777 153 117 31 Motive
925 153 78 32 stets
1035 162 95 31 Sagen
1164 153 112 39 „Licht
1306 153 75 31 und

147 208 167 31 Fenster
348 208 88 37 hat“,
474 208 49 32 die
554 208 37 40 88
625 209 63 30 142
713 207 63 31 und
804 208 62 31 143
892 206 49 31 tit.
969 209 17 29 8
1013 207 57 31 Th.
1096 207 24 31 I.
1147 206 36 32 A.
1209 206 89 32 L.-R.
1323 216 61 22 nur

147 272 60 22 von
234 262 133 39 „Licht
389 262 122 31 haben“
540 260 161 41 Sprechen.
749 260 174 41 Uebrigens
941 260 74 31 aber
1032 260 113 41 zwingt
1166 260 55 31 der
1242 260 141 41 logische

148 316 271 41 ZugSammenhang
443 316 55 31 der
522 315 203 40 Aeusserung
750 314 140 32 Suarez
914 323 129 22 unseres
1069 314 171 31 Erachtens
1265 324 39 21 zu
1328 314 56 31 der

148 370 173 38 Annahme,
349 369 81 32 dass
462 368 50 32 die
541 368 34 31 in
605 368 102 31 dieser
736 368 190 40 Beziehung,
963 368 56 31 wie
1049 367 56 32 wir
1134 368 149 41 zugeben,
1315 368 67 31 eine

148 424 163 32 zweifache
335 423 192 40 AuffasSung
551 422 204 32 zulasgenden
779 421 184 32 Ausdrücke
994 421 55 31 der
1077 421 37 40 SS
1142 424 62 29 142
1229 421 64 32 und
1321 424 61 30 143

148 478 31 30 in
217 478 70 30 dem
318 487 58 21 von
413 486 59 21 uns
509 476 127 40 geltend
672 476 184 40 gemachten
887 476 78 31 Sinn
1001 475 189 40 auszulegen
1227 475 80 39 sind,
1345 476 40 31 da

149 531 141 32 Suarez
322 531 50 31 die
402 530 104 32 blosse
542 530 285 41 Nothwendigkeit,
864 529 131 32 Fenster
1025 528 244 39 auszubrechen,
1306 538 79 22 zwar

151 585 209 31 vollkommen
378 584 174 32 zutreffend
576 585 46 31 als
648 584 68 32 eine
741 584 104 31 blosse
862 583 319 41 Unbequemlichkeit
1204 583 74 31 und“
1294 581 89 33 einen

150 639 87 31 nicht
261 638 251 32 beträchtlichen
535 638 169 32 Nachtheil
727 637 200 39 bezeichnen,
958 637 74 31 aber
1059 637 89 31 nicht
1178 637 81 31 wohl
1289 646 95 31 Sagen

113 706 5 6 -
148 693 126 42 könnte,
300 693 71 31 dass
408 693 139 31 dadurch
584 693 54 30 das
670 701 116 31 ganze
817 690 182 32 Gebäude
1029 691 273 30 unbrauchbar
1332 700 52 31 ge-

148 747 107 31 macht
289 747 64 31 und
385 747 55 31 der
469 746 143 40 völlige
649 746 98 31 Ruin
778 746 54 31 des
870 744 241 41 Eigenthümers
1147 743 238 41 herbeigeführt

150 801 110 31 werde.

239 855 69 30 Wir
332 855 100 31 haben
457 864 59 21 uns
542 853 96 31 daher
662 853 79 30 auch
765 853 80 30 nach
870 852 199 41 Sorgfältiger
1090 852 143 40 Prüfung
1257 852 55 31 der
1335 851 51 31 für

135 902 65 36 die
226 907 294 42 entgegengesetzte
545 906 184 41 Auslegung
753 906 33 31 in
815 906 59 31 den
904 905 127 31 Entsch.
1059 905 53 31 des
1143 905 240 31 Obertribunals

150 961 89 31 Band
264 963 41 30 80
331 961 29 32 S.
388 963 63 30 272
476 960 60 32 mit
559 969 140 32 grossem
728 959 181 32 Scharfsinn
932 959 296 41 hervorgehobenen
1256 957 128 32 Gründe

149 1024 62 21 von
241 1015 56 31 der
322 1014 234 41 Unrichtigkeit
585 1023 130 22 unserer
745 1013 134 31 Ansicht
907 1012 89 31 nicht
1024 1022 38 22 zu
1091 1013 197 40 überzeugen
1315 1021 69 21 ver-

149 1064 115 49 mocht.
1374 1080 3 2 :

240 1122 103 32 Wenn
368 1122 55 31 der
447 1121 175 41 Gegensatz
648 1122 54 30 der
725 1120 37 41 88
791 1121 61 30 142
877 1119 64 31 und
975 1120 61 30 143
1067 1118 32 31 in
1129 1118 85 31 Rede
1244 1118 141 31 wirklich

151 1176 55 31 der
229 1180 90 35 wäre,
351 1176 71 31 dass
447 1175 17 41 8
493 1177 63 29 142
579 1185 60 21 von
664 1175 71 31 dem
759 1173 69 31 Fall
852 1172 140 41 Spräche,
1018 1181 88 21 wenn
1136 1171 61 32 die
1228 1171 157 31 Behält-

149 1229 107 31 nis8e
280 1239 61 29 von
364 1229 107 31 keiner
495 1229 117 31 andern
638 1228 83 31 Seite
745 1227 94 31 Licht
861 1227 112 38 haben,
998 1226 17 40 S
1045 1228 60 29 143
1131 1226 74 31 aber
1230 1235 60 21 von
1315 1225 71 31 dem

151 1283 315 41 entgegengegetzten
491 1282 77 39 Fall,
586 1292 88 21 wenn
700 1282 44 30 Sie
769 1281 80 31 noch
866 1291 58 21 von
950 1280 86 32 einer
1059 1280 117 31 andern
1194 1279 83 31 Seite
1293 1279 94 31 Licht

151 1337 110 39 haben,
288 1347 32 21 80
338 1337 114 39 würde,
479 1336 38 31 da
539 1336 84 31 diese
640 1336 112 31 beiden
771 1334 216 32 Alternativen
1005 1334 77 31 alle
1104 1333 178 32 denkbaren
1299 1333 87 31 Fälle

150 1391 169 39 umfasgen,
346 1401 55 21 aus
427 1391 71 31 dem
523 1390 111 31 Gegetz
659 1390 115 40 folgen,
800 1389 71 30 dass
897 1389 55 30 der
972 1388 146 31 Nachbar
1141 1388 117 30 unter
1281 1387 106 31 allen

150 1444 242 32 Umständen
420 1444 59 31 mit
508 1443 119 31 Seinem
663 1444 66 29 Bau
757 1442 33 30 in
821 1442 56 31 der
907 1441 90 31 einen
1028 1441 75 30 oder
1133 1441 117 30 andern
1280 1440 106 31 Weise

151 1509 32 21 80
200 1499 73 31 weit
297 1498 233 32 zurückrücken
553 1500 116 35 müsse,
695 1496 70 31 dass
791 1496 55 30 der
863 1494 224 32 Hausbesitzer
1111 1494 57 31 den
1187 1493 139 32 Himmel
1354 1493 33 31 in

150 1552 169 32 vertikaler
343 1552 161 41 Richtung
528 1551 95 31 Sehen
647 1550 111 39 könne,
781 1549 98 32 Selbst
895 1558 89 22 wenn
1009 1548 67 32 Sein
1093 1548 87 32 Haus
1207 1547 87 32 8o0nst
1310 1557 77 31 ganz

150 1607 59 32 frei
240 1607 112 32 Stände
383 1606 65 32 und
479 1615 91 32 80gar
600 1604 49 31 die
679 1604 210 39 Behältnisse,
926 1613 56 22 vor
1017 1603 100 32 denen
1153 1603 117 41 gebaut
1300 1601 87 37 wird,

152 1661 117 32 bereits
294 1671 60 21 von
377 1661 164 31 mehreren
567 1658 105 32 Seiten
702 1658 132 32 Fenster
864 1658 112 31 haben.
1024 1657 116 42 Irgend
1170 1656 51 32 ein
1250 1656 80 39 Fall,
1355 1655 33 32 in

153 1716 71 31 dem
241 1725 67 31 gar
325 1715 107 31 nicht
450 1713 247 41 zurückgerückt
713 1723 38 21 zu
766 1713 123 31 werden
907 1712 162 39 brauchte,
1096 1721 53 21 um
1174 1711 72 30 dem
1263 1710 126 41 Gegner

153 1769 60 31 den
236 1769 67 31 ihm
331 1769 98 31 durch
460 1768 60 31 den
544 1767 128 32 Vorbau
702 1767 191 40 entzogenen
923 1765 135 32 Anblick
1087 1764 53 32 des
1171 1764 159 36 Himmels
1352 1770 37 24 zu

128 1839 3 3 -
154 1823 148 39 Schaffen,
327 1823 105 32 würde
458 1821 89 32 nicht
571 1820 158 33 existiren.

243 1877 42 31 Es
316 1877 43 31 ist
388 1885 129 23 ungeres
542 1875 172 32 Erachtens
744 1873 193 40 undenkbar,
969 1872 71 32 dass
1078 1872 55 32 der
1169 1871 220 41 Gesetzgeber,

154 1931 134 32 welcher
313 1931 50 32 die
388 1932 78 30 oben
490 1928 236 43 mitgetheilten
742 1928 117 31 Motive
885 1926 206 42 geschrieben
1114 1925 66 39 hat,
1198 1925 51 32 ein
1266 1924 122 32 Solches

155 1984 114 33 Gegetz
298 1985 56 31 hat
384 1985 169 32 aufstellen
581 1983 122 38 wollen,
728 1981 133 32 welches
894 1981 72 32 dem
995 1980 147 32 Nachbar
1172 1979 85 32 eines
1287 1978 103 31 Haus-

154 2039 150 31 begitzers
337 2033 49 38 die
411 2038 240 42 Verpflichtung
680 2035 142 41 auflegen
851 2036 115 39 würde,
1003 2034 120 32 diegem
1158 2033 60 32 den
1253 2030 137 33 Anblick

156 2094 54 31 des
246 2093 154 31 Himmels
436 2093 65 31 und
540 2101 79 23 zwar
655 2089 113 43 gerade
803 2088 34 32 in
872 2089 86 32 einer
993 2088 203 32 bestimmten
1230 2086 162 40 Richtung

155 2143 58 37 aus
241 2147 202 32 bestimmten
474 2146 153 32 Fenstern
657 2155 38 21 zu
724 2143 205 40 verschaffen,
959 2147 113 37 mögen
1103 2141 82 32 auch
1214 2139 60 32 alle
1305 2138 86 33 Seine

157 2201 175 36 Gemächer
356 2201 155 40 tageshell
537 2200 77 32 Sein.
