1554 2357
694 59 175 29 ZEUEN
775 59 20 29 52
806 59 63 29 200024

163 154 190 39 emendiren,
378 164 54 21 um
457 154 137 32 dieselbe
619 155 180 40 überhaupt
822 155 59 31 mit
905 155 71 32 dem
992 155 160 32 Wortlaut
1176 156 54 31 des
1249 155 146 33 Gegetzes

161 208 179 41 vereinigen
365 218 37 21 zu
426 208 133 39 Können,
585 208 86 31 diese
695 208 186 41 Auslegung
909 210 74 30 aber
1013 209 50 31 ein
1088 210 145 31 Regultat
1263 210 132 40 ergiebt,

160 262 56 32 wie
242 272 31 22 es
299 262 71 31 dem
395 262 107 32 Zweck
526 262 53 32 des
605 261 158 40 Gesetzes,
790 262 55 31 der
868 262 261 33 Lichtnothdurft
1152 264 53 31 des
1232 263 164 33 Gebäude-

159 317 150 31 besitzers
335 316 195 39 abzuhelfen,
556 316 64 31 und
645 316 59 30 den
721 316 139 32 Motiven
885 316 53 32 des
964 316 225 42 Gesetzgebers
1215 318 88 32 nicht
1328 320 67 30 ent-

160 371 129 40 Spricht,
316 380 33 23 80
371 371 137 41 glauben
523 369 57 32 wir
595 369 81 32 trotz
694 370 54 32 der
764 381 59 21 uns
842 370 327 42 entgegenstehenden
1187 373 207 41 gewichtigen

158 425 66 31 und
252 424 287 41 überwältigenden
569 423 163 41 Majorität
761 425 178 41 behaupten
969 434 38 22 zu
1037 425 121 39 dürfen,
1184 426 71 31 dass
1281 436 112 22 unsere

158 478 187 42 Auslegung
370 478 60 31 den
453 477 126 42 Vorzug
602 478 153 32 verdient.

248 532 40 31 Es
315 531 160 41 erledigen
493 532 67 31 Sich
585 532 99 32 durch
700 532 139 33 diegelbe
856 534 142 41 zugleich
1014 533 80 33 viele
1112 534 106 31 bisher
1233 534 159 32 ventilirte

159 585 207 41 Streitfragen
391 595 76 32 ganz
492 596 60 21 von
576 587 109 31 Selbst.
733 587 48 31 Ist
803 588 84 31 erste
904 587 189 43 Bedingung
1118 588 85 32 einer
1219 588 175 42 Belastung

157 641 54 30 des
247 640 162 31 Nachbars
446 640 188 41 überhaupt,
672 641 70 31 dass
774 650 33 22 er
842 641 54 32 das
927 641 33 31 in
996 641 17 40 8
1047 643 62 30 142
1141 643 250 32 characterigirte

156 694 168 32 Minimum
347 703 61 23 von
430 694 94 31 Licht
547 694 89 31 nicht
666 695 89 31 mehr
784 695 117 38 behält,
933 695 73 31 oder
1036 704 31 21 es
1100 695 66 31 Sich
1194 696 89 31 nicht
1312 697 79 31 ohne

157 748 202 32 erheblichen
388 747 264 32 Kostenaufwand
681 748 195 32 verschaffen
905 749 93 39 kann,
1030 758 32 22 80
1092 749 141 32 versteht
1262 759 32 22 es
1325 750 66 31 Sich

157 811 77 32 ganz
250 811 61 22 von
334 793 110 48 Selbst,
470 801 71 32 dass
567 811 32 22 es
624 801 197 42 gleichgiltig
844 802 52 40 ist,
914 802 103 32 woher
1034 803 101 32 dieses
1152 803 93 32 Licht
1261 803 128 39 kommt,

157 856 39 30 ob
221 855 99 32 durch
345 855 50 32 die
419 856 173 31 verbauten
616 856 132 31 Fenster
772 856 75 31 oder
871 856 99 32 durch
995 856 123 40 andere,
1150 858 38 30 ob
1213 858 179 41 überhaupt

156 910 100 31 durch
284 909 131 32 Fenster
445 909 75 32 oder
549 909 116 31 andere
694 909 273 42 Lichtöffnungen,
992 910 56 32 wie
1074 921 23 21 z.
1123 911 38 31 B.
1187 911 202 39 Glasthüren,

156 963 38 31 ob
211 972 55 22 aus
292 963 70 31 dem
380 963 112 31 Freien
519 963 75 31 oder
617 973 55 22 aus
696 964 103 31 einem
823 964 166 41 genügend
1004 965 105 31 hellen
1134 965 257 32 umschlosSenen

154 1017 111 39 Raum,
292 1017 38 31 ob
349 1026 68 22 vom
441 1016 140 33 Himmel
604 1017 33 31 in
662 1018 130 40 gerader
816 1017 161 41 Richtung
1000 1018 80 31 nach
1106 1019 70 31 dem
1200 1019 127 31 Vorbau
1353 1030 37 20 zu

154 1070 75 32 oder
264 1070 165 40 Seitwärts,
467 1071 38 31 ob
534 1080 72 22 man
636 1071 60 31 den
727 1071 139 31 Himmel
895 1071 177 35 überhaupt
1101 1073 63 29 und
1194 1072 32 31 in
1257 1073 133 31 welcher

153 1124 159 41 Richtung
335 1134 74 22 man
431 1124 55 31 ihn
512 1124 96 32 Sehen
631 1124 92 32 kann.
772 1124 64 31 Das
859 1123 95 32 allein
971 1124 188 31 Erhebliche
1176 1125 53 39 ist,
1254 1127 44 30 ob
1323 1128 64 30 das

153 1178 83 32 dem
271 1178 167 32 Gemach
467 1178 252 32 verbliebene
756 1177 89 32 oder
878 1177 77 32 ihm
991 1178 213 32 anderweit
1239 1189 42 21 zu
1310 1189 79 22 ver-

153 1232 227 33 Schaffende
403 1232 116 32 Licht
543 1232 68 31 das
637 1231 190 39 Quantum
852 1232 160 41 erfüllt,
1038 1233 131 32 welches
1199 1233 18 41 S8
1252 1236 60 30 142
1342 1234 46 32 als

151 1286 54 30 das
229 1286 247 41 nothdürftigste
500 1285 168 32 Minimum
696 1287 233 31 characterisirt
947 1306 43 4 --
1015 1287 38 32 ef.
1082 1288 79 31 auch
1184 1288 204 41 Dernburg

150 1349 30 21 u.
208 1349 26 21 a.
260 1339 36 32 0.
322 1339 80 32 Note
431 1342 50 29 10.

241 1392 115 33 Grosse
388 1393 276 42 Schwierigkeiten
700 1394 140 42 dagegen
875 1395 107 31 macht
1012 1395 170 40 allerdings
1218 1396 50 31 die
1298 1396 89 32 Fest-

152 1447 139 42 Stellung
315 1447 56 32 des
395 1457 71 22 vom
491 1447 113 33 Gesetz
634 1447 223 41 aufgestellten
881 1448 326 41 Minimalquantums,
1232 1449 71 32 weil
1332 1450 56 31 der

148 1500 34 32 in
212 1501 104 32 dieger
345 1502 181 40 Beziehung
554 1501 202 40 aufgestellte
785 1501 158 32 Massstab
972 1511 129 23 ungeres
1132 1502 172 33 Erachtens
1336 1504 51 31 ein

150 1554 156 33 durchaus
331 1556 225 41 ungeeigneter
578 1555 53 31 ist.

239 1609 39 31 So
303 1609 62 32 viel
389 1610 124 31 Scheint
536 1608 57 33 uns
619 1610 81 32 nach
730 1610 113 42 obigen
867 1611 248 43 Ausführungen
1143 1612 241 39 unzweifelhaft,

149 1663 71 32 dass
252 1664 55 31 das
333 1663 112 34 Gegetz
475 1663 88 31 nicht
593 1663 60 32 den
678 1664 117 41 Zweck
816 1666 102 31 haben
947 1666 91 38 kann,
1065 1667 71 31 dem
1160 1666 226 33 Hausbegitzer

147 1719 94 31 unter
277 1718 84 32 allen
395 1716 197 33 Umständen
628 1717 71 32 den
734 1720 169 31 Anblick
938 1720 64 32 des
1039 1720 184 31 Himmels
1254 1731 37 21 zu
1319 1730 66 21 ver-

149 1772 148 39 Schaffen,
328 1772 133 32 Sondern
485 1781 60 22 nur
568 1771 66 32 ihm
659 1773 50 31 ein
732 1774 197 46 bestimmtes
954 1774 169 32 Minimum
1146 1784 61 22 von
1230 1775 94 32 Licht
1347 1785 37 20 zu

148 1826 133 39 Sichern,
306 1826 66 32 und
396 1827 73 31 dass
494 1826 54 31 das
572 1825 214 33 Erforderniss
811 1828 54 31 des
889 1828 151 32 Anblicks
1066 1829 54 31 des
1145 1829 154 32 Himmels
1324 1839 60 21 nur

147 1880 56 31 als
228 1880 194 32 Massstab
446 1880 52 32 für
521 1880 101 32 dieses
647 1880 168 33 Minimum
839 1882 113 32 dienen
976 1883 70 32 Soll.

238 1934 324 32 Selbstverständlich
596 1943 87 22 muss
713 1934 103 32 diesger
839 1936 176 32 Maassstab
1045 1936 51 32 für
1126 1937 61 31 alle
1214 1937 87 32 Fälle
1333 1937 50 31 ein

148 1987 139 40 gleiches
305 1987 160 39 Quantum
489 1997 60 22 von
564 1987 94 32 Licht
681 1989 64 30 und
771 1988 49 31 ein
847 1990 137 40 gleiches
1003 1991 104 31 Maass
1131 2000 60 22 von
1208 1991 175 40 Belastung

146 2050 172 30 zumessen,
344 2041 40 32 da
408 2042 102 31 erstes
528 2042 215 31 Erforderniss
770 2042 55 31 der
841 2042 238 43 Gerechtigkeit
1102 2045 53 38 ist,
1182 2042 70 33 dass
1270 2044 112 32 Jedem

145 2095 59 31 mit
221 2095 155 40 gleichem
392 2096 105 32 Maass
515 2105 164 32 gemesgen
696 2096 111 31 werde.
854 2097 70 32 Wir
940 2098 101 32 haben
1059 2099 97 31 daher
1173 2098 80 31 auch
1269 2098 113 33 keinen

145 2147 135 40 Zweifel,
306 2149 71 32 dass
402 2150 56 32 der
482 2150 210 41 Gegetzgeber
716 2150 187 41 geglaubt
926 2152 65 40 hat,
1016 2152 43 31 im
1083 2152 18 41 8
1126 2153 62 31 142
1214 2151 51 31 cit.
1290 2152 91 33 einen

145 2202 127 32 Solchen
297 2202 176 33 Maassstab
498 2204 217 32 aufzustellen.
763 2203 38 33 In
831 2205 103 32 dieger
957 2206 181 40 Beziehung
1166 2205 57 31 hat
1252 2215 33 22 er
1315 2207 66 32 Sich
