1553 2357
681 65 34 4 eg
748 49 104 29 ee

155 152 73 29 aber
244 150 32 30 in
294 149 101 32 einem
406 146 310 43 verhängnissvollen
732 144 140 31 Irrthum
886 142 168 31 befunden.
1096 144 68 31 Ihm
1178 145 55 32 hat
1247 148 138 31 offenbar

155 204 49 31 die
234 203 211 41 gewöhnliche
475 200 221 35 Construktion
727 198 83 31 eines
840 197 123 31 Hauses
992 197 66 30 und
1087 197 112 33 dessen
1231 201 154 31 einzelner

155 258 108 32 Theile
288 257 64 31 und
377 257 55 31 der
454 257 69 31 Fall
545 252 243 43 vorgeschwebt,
820 260 88 22 wenn
933 249 49 32 die
1006 250 131 32 Fenster
1161 253 166 33 desselben
1352 265 32 22 80

156 311 190 41 vollständig
371 311 99 31 durch
495 311 59 30 den
581 308 34 31 in
644 306 145 41 geringer
816 304 197 40 Entfernung
1043 304 94 32 davor
1166 307 220 41 aufgeführten

154 367 134 32 Neubau
322 366 133 31 verbaut
491 363 78 37 Sind,
607 362 69 30 dass
708 358 169 32 denselben
907 367 60 22 nur
991 359 77 31 über
1092 359 59 31 den
1177 361 94 31 obern
1295 361 91 33 Rand

157 419 165 32 desSelben
346 429 66 32 weg
436 418 93 32 Licht
551 416 33 31 in
608 412 165 33 verticaler
795 411 160 41 Richtung
979 412 178 32 zuströmen
1180 413 92 32 kann.
1303 415 82 32 Dass

157 474 53 31 das
235 475 95 31 unter
354 474 106 30 diesen
484 467 196 35 Umständen
704 466 72 30 dem
804 464 139 32 Gemach
973 466 222 32 zukommende
1226 467 159 39 Quantum

154 528 94 32 Licht
271 537 60 22 nur
355 527 51 31 ein
430 524 86 31 Sehr
540 520 178 41 geringes
744 518 67 32 Sein
834 518 92 40 kann,
944 519 78 41 liegt
1046 520 56 32 auf
1122 521 55 31 der
1201 522 102 39 Hand,
1321 524 65 31 und

156 583 81 30 dies
263 578 189 39 Quantum
475 575 67 31 hat
566 583 38 22 er
627 582 158 22 unseres
810 572 215 33 Erachtens
1056 575 55 31 als
1143 575 64 32 das
1239 578 147 40 gegetz-

155 633 104 31 liche
283 630 201 32 Minimum
508 627 195 33 normiren
726 627 145 33 wollen.

246 686 94 32 Diese
369 684 217 33 Verhältnisse
614 683 123 32 werden
766 683 79 32 auch
881 682 142 43 zugleich
1051 682 49 32 die
1135 683 158 42 geringste
1325 686 61 31 Be-

156 742 128 42 lastung
308 741 53 32 des
385 738 358 43 Nachbargrundstücks
768 738 165 42 bedingen,
952 737 39 33 da
1014 737 84 33 diese
1124 737 263 34 Selbstverständ-

158 797 64 32 lich
246 806 60 22 von
331 796 54 31 der
408 794 170 42 möglichst
608 793 181 42 geringsten
812 793 214 40 Abweichung
1056 792 54 32 der
1140 792 137 32 Sehlinie
1307 794 79 31 nach

156 852 71 29 dem
256 850 140 31 Himmel
419 859 61 21 von
511 850 54 31 der
594 856 101 31 genau
722 847 197 31 lothrechten
949 848 146 40 abhängt.
1144 847 78 32 Jene
1248 847 137 33 Sehlinie

155 902 82 30 kann
262 902 67 30 eine
355 910 101 31 genau
480 899 173 31 lothrechte
677 898 131 30 niemals
834 899 76 38 Sein,
937 900 39 31 da
1007 901 44 31 8ie
1076 902 36 39 ja
1140 901 49 32 die
1221 902 166 32 Senkrecht

159 953 170 34 Stehenden
360 952 152 31 Scheiben
542 951 53 31 des
626 950 146 31 Fensters
803 951 168 32 Schneiden
999 963 98 21 muss.
1144 955 89 31 Nach
1258 956 55 31 der
1336 966 51 21 zu-

156 1007 174 34 treffenden
360 1005 133 31 Ansicht
528 1005 53 32 des
614 1003 237 32 Obertribunals
887 1014 86 21 muss
1010 1006 45 30 gie
1089 1006 34 31 in
1158 1008 86 30 einer
1272 1009 115 31 Fläche

156 1064 113 39 liegen,
296 1060 114 32 welche
435 1070 39 22 an
499 1060 71 31 dem
586 1059 115 39 Punkt,
727 1069 44 21 wo
798 1058 44 32 Sie
867 1058 49 32 die
934 1058 154 32 Scheiben
1113 1059 273 41 durchgchneidet,

156 1115 160 33 lothrecht
339 1115 55 33 auf
414 1115 161 35 letzteren,
587 1114 93 33 Steht.
1307 1144 3 1 :

246 1171 37 32 Je
309 1171 144 40 geringer
476 1179 64 21 nun
566 1169 49 30 die
639 1168 214 41 Abweichung
882 1169 55 31 der
961 1168 137 32 Sehlinie
1123 1177 60 22 von
1207 1167 55 32 der
1286 1178 101 31 genau

154 1224 199 29 lothrechten
387 1222 53 37 ist,
477 1231 53 20 um
567 1230 33 21 80
634 1221 145 41 geringer
811 1232 87 21 muss
935 1223 80 31 auch
1045 1223 49 31 die
1129 1222 174 41 Belastung
1332 1223 54 32 des

154 1273 357 41 Nachbargrundstücks
542 1273 76 37 Sein,
649 1273 39 31 da
718 1274 55 30 der
801 1274 134 30 Neubau
963 1275 84 31 dann
1075 1287 55 20 um
1160 1286 32 21 80
1222 1276 97 31 näher
1347 1287 39 21 an

156 1331 55 30 das
236 1326 149 34 Gebäude
410 1325 129 42 gerückt
563 1326 65 31 und
650 1335 55 22 um
730 1336 33 21 80
787 1326 98 32 höher
909 1327 126 40 geführt
1050 1329 122 31 werden
1197 1330 92 38 kann,
1307 1330 79 32 ohne

156 1383 49 31 die
231 1381 137 32 Sehlinie
393 1391 37 22 zu
454 1381 165 32 berühren.

244 1437 73 32 Nun
341 1436 79 43 liegt
444 1437 74 32 aber
547 1436 56 33 auf
629 1436 54 32 der
713 1436 101 41 Hand,
841 1436 81 39 dass,
947 1445 88 22 wenn
1071 1435 55 32 der
1161 1436 135 33 Anblick
1332 1439 54 31 des

155 1493 155 31 Himmels
336 1492 209 41 unbedingtes
569 1491 214 33 Erforderniss
809 1492 53 31 des
889 1490 145 33 Gegsetzes
1058 1494 91 36 wäre,
1181 1501 31 21 es
1243 1502 59 22 von
1333 1493 54 31 der

155 1545 139 29 Willkür
310 1545 54 29 des
381 1545 242 38 Eigenthümers
642 1546 53 31 des
712 1546 230 32 herrschenden
955 1545 122 32 Hauses
1088 1544 170 42 abhängen
1271 1547 115 40 würde,

156 1597 97 33 durch
284 1596 256 41 ungewöhnliche
566 1597 224 33 Construktion
820 1601 164 31 desgelben
1015 1599 49 31 die
1088 1598 214 42 Abweichung
1332 1601 55 31 der

156 1652 137 32 Sehlinie
317 1660 60 22 von
407 1649 55 31 der
490 1649 197 32 lothrechten
716 1651 48 31 bis
795 1663 54 22 zur
877 1654 212 32 horizontalen
1113 1664 37 20 zu
1173 1658 211 37 vergrössern,

156 1704 139 32 dadurch
320 1706 74 31 aber
418 1704 71 31 dem
512 1702 343 41 Nachbargrundstück
879 1708 49 31 die
954 1708 139 32 Servitut
1116 1706 131 41 völliger
1268 1707 118 32 Ueber-

155 1758 185 32 baubarkeit
364 1759 192 40 aufzulegen.

243 1812 64 30 Das
342 1813 82 30 kann
459 1820 128 23 unsgeres
618 1810 172 35 Erachtens
827 1815 50 32 die
906 1815 135 32 Abgicht
1075 1814 52 32 des
1160 1814 224 41 Gesetzgebers

154 1866 88 30 nicht
270 1874 142 31 gewesen
444 1865 80 39 Sein,
554 1864 64 32 und
647 1864 56 32 wir
732 1868 125 32 meinen
888 1869 112 39 daher,
1026 1869 71 30 dass
1123 1861 34 37 er
1181 1868 118 32 Seinem
1324 1869 61 32 (Ge-

155 1919 120 32 danken
305 1918 89 32 einen
424 1919 199 41 unrichtigen
647 1918 166 35 Ausdruck
836 1924 139 40 gegeben
1002 1923 69 37 hat,
1100 1921 138 32 welchen
1261 1929 123 34 gemägs

154 1975 70 31 dem
242 1972 108 31 Zweck
367 1972 53 31 des
439 1971 146 33 Gesetzes
610 1982 37 21 zu
671 1973 196 44 berichtigen
883 1977 49 31 die
949 1975 185 40 Auslegung
1151 1984 31 23 80
1207 1976 179 43 berechtigt

154 2029 55 31 wie
236 2025 196 40 verpflichtet
455 2025 51 32 ist.
556 2026 36 31 cf.
620 2025 168 45 Savigny
811 2030 124 41 System
958 2029 16 31 I
998 2029 29 30 8.
1047 2030 63 30 230
1135 2028 31 31 ff.

242 2081 80 32 Dem
353 2079 228 39 entsprechend
610 2080 55 31 hat
695 2082 53 32 das
775 2083 223 32 Obertribunal
1027 2082 33 30 in
1085 2081 85 32 einer
1193 2085 189 41 neuerdings

154 2143 196 35 ergangenen
377 2132 239 42 Entscheidung
639 2134 59 32 den
727 2136 176 32 Grundsatz
926 2145 235 31 angenommen,
1187 2137 82 40 dass,
1295 2147 87 23 wenn

153 2190 53 31 das
231 2187 210 50 herrschende
457 2187 87 31 Haus
568 2187 61 31 mit
652 2189 102 32 einem
769 2189 237 42 ungewöhnlich
1024 2189 72 30 weit
1119 2190 263 42 überhängenden
