1553 2357
243 149 204 39 Dernburg
487 148 166 31 Lehrbuch
697 148 17 39 S8
747 151 56 28 221
848 149 87 31 Stellt
963 150 123 33 freilich
1117 155 45 31 als
1194 157 108 31 Zweck
1332 159 52 30 des

155 202 145 32 Gegetzes
326 202 60 38 auf,
413 202 69 30 dass
515 201 70 32 dem
616 202 224 31 Hausbesitzer
870 202 54 31 das
956 203 106 33 bisher
1093 217 170 30 genosgene
1293 211 93 32 Licht

154 257 98 31 durch
277 256 59 31 den
365 256 133 31 Neubau
521 256 89 30 nicht
639 256 180 41 gänzlich
844 257 148 40 entzogen
1017 259 124 32 werden
1166 263 85 31 Solle.
1301 264 84 33 Aber

152 321 88 21 wenn
281 310 49 31 “die.
361 310 127 40 8SS-142:
519 310 65 31 umd:
616 313 62 29 443
708 309 100 32 tit>8:
845 310 58 31 Th.
934 310 23 31 T-
994 311 239 36 A..J-Rocdie:
1270 318 114 32 Unter-

153 364 172 41 Scheidung
348 364 141 40 machen,
514 364 57 31 wie
597 374 32 22 er
653 364 44 31 Sie
722 362 150 39 aufstellt,
898 364 71 31 dass
986 366 137 31 nämlich
1144 368 91 39 jeder
1250 371 134 33 Neubau

153 427 33 22 80
203 418 73 31 weit
293 418 217 32 zurücktreten
526 421 115 35 müsse,
668 417 70 31 dass
762 426 72 21 man
859 426 54 22 aus
939 418 60 31 den
1016 419 152 33 Fenstern
1193 422 53 32 des
1269 426 115 31 untern

153 473 74 30 oder
252 472 95 32 obern
365 472 191 32 Stockwerks
582 471 58 31 den
658 470 140 31 Himmel
820 473 104 29 müsse
943 473 95 31 Sehen
1062 473 133 42 können,
1220 477 65 31 und
1303 489 78 22 zwar

152 527 142 39 ersteres,
313 536 88 21 wenn
419 526 54 31 das
491 524 180 32 Behältniss
689 534 59 21 nur
764 524 98 32 durch
880 525 44 31 Sie
941 525 92 32 Licht
1049 527 64 41 hat,
1139 529 62 31 und
1225 530 156 42 letzteres,

151 590 88 21 wenn
271 580 53 30 das
349 578 181 32 Behältniss
560 579 80 30 noch
664 588 59 22 von
753 578 83 32 einer
865 579 134 32 anderen
1030 580 82 32 Seite
1141 583 93 32 Licht
1258 585 64 40 hat,
1349 597 32 21 80

150 633 80 31 fehlt
254 642 31 22 es
310 633 30 30 in
368 633 69 30 dem
463 632 112 32 Gesetz
600 633 140 40 gänzlich
767 643 38 21 an
832 634 53 30 der
895 634 242 41 Bestimmung,
1156 636 72 32 dass
1255 649 33 20 er
1312 649 69 31 gar-

151 686 88 32 nicht
263 687 269 32 zurückzurücken
556 688 150 39 brauche,
728 697 87 22 wenn
840 687 49 31 die
914 688 199 32 Behältnisse
1144 691 79 30 noch
1253 692 54 31 das
1333 704 47 21 er-

152 740 187 33 forderliche
356 741 167 32 Minimum
547 751 59 22 von
622 742 92 32 Licht
738 742 147 32 behalten
910 742 73 32 oder
1000 752 30 22 es
1056 742 95 33 ihnen
1168 754 59 22 von
1250 746 131 34 anderer

151 794 83 32 Seite
258 796 168 31 verschafft
449 797 124 30 werden
596 797 109 31 könne.
754 797 206 41 Dernburg
989 797 82 31 kann
1103 797 64 32 also0
1192 799 93 31 unter
1310 801 69 32 dem

149 848 108 31 bisher
281 859 193 30 genossenen
496 850 102 38 Licht,
631 850 131 31 welches
798 851 71 31 dem
897 851 146 31 Nachbar
1077 851 87 32 nicht
1199 855 181 38 gänzlich

150 902 150 40 entzogen
324 902 124 32 werden
473 903 97 38 dürfe,
601 913 59 21 nur
691 903 53 31 das
775 903 93 32 Licht
891 905 187 31 verstanden
1108 905 112 40 haben,
1246 908 132 32 welches

150 955 58 31 den
241 954 194 32 Gemächern
472 955 98 31 durch
606 956 49 31 die
685 957 214 31 verbauten
929 958 132 31 Fenster
1096 960 192 40 zugefloggen
1325 963 51 32 igt.

148 1008 91 31 Denn
263 1018 88 22 wenn
376 1009 54 30 das
449 1008 136 32 Gemach
610 1010 79 30 noch
713 1020 60 21 von
797 1011 130 31 anderer
945 1011 82 32 Seite
1052 1012 93 32 Licht
1168 1015 64 31 und
1249 1016 131 32 Fengster

147 1062 64 38 hat,
230 1071 33 22 30
288 1062 44 32 iSt
356 1062 67 32 eine
448 1063 160 41 gänzliche
629 1063 197 42 Entziehung
851 1065 52 31 des
920 1065 107 32 Lichts
1054 1066 98 32 durch
1177 1068 59 32 den
1253 1069 125 33 Vorbau

147 1115 88 31 nicht
259 1116 147 32 denkbar.
455 1117 63 32 Das
556 1116 111 33 Gegetz
703 1118 105 32 würde
843 1118 160 41 übrigens,
1040 1130 88 22 wenn
1164 1131 32 22 es
1232 1123 50 31 die
1318 1134 59 22 von

146 1169 207 42 Dernburg
386 1171 199 31 bezeichnete
621 1171 275 42 Unterscheidung
925 1173 141 32 wirklich
1101 1175 171 41 aufstellte,
1304 1178 72 32 kein

145 1223 93 31 Wort
261 1224 100 30 davon
386 1224 171 39 enthalten,
583 1224 70 31 dass
679 1225 72 31 dem
774 1225 224 33 Hausbegitzer
1022 1237 60 22 nur
1106 1229 55 31 das
1192 1230 107 33 bigher
1323 1243 53 31 90-

146 1285 131 22 nossene
306 1276 93 32 Licht
428 1277 89 31 nicht
546 1278 150 41 entzogen
726 1279 123 31 werden
879 1280 99 40 dürfe,
1016 1280 134 33 Sondern
1181 1294 60 21 nur
1271 1296 104 31 gagen,

146 1330 71 30 dass
244 1329 55 31 der
322 1330 146 32 Nachbar
491 1332 115 31 unter
630 1332 103 32 allen
758 1332 236 33 Umständen
1017 1336 187 41 wenigstens
1235 1348 55 22 aus
1316 1340 60 32 den

146 1383 151 32 Fenstern
323 1384 53 31 des
401 1385 127 32 zweiten
554 1386 108 33 Stocks
688 1387 60 31 den
772 1387 139 32 Himmel
934 1392 103 29 müggse
1064 1391 95 32 Sehen
1183 1392 132 33 können.

235 1437 83 33 Ganz
348 1439 111 32 anders
490 1441 50 31 bei
570 1442 55 31 der
653 1452 62 22 von
742 1452 59 22 uns
832 1442 222 42 aufgestellten
1089 1445 285 46 Unterscheidung.

143 1492 89 32 Nach
256 1503 129 22 unserer
405 1494 185 43 Auslegung
612 1496 43 32 ist
677 1497 45 31 im
739 1497 112 32 Gegetz
877 1498 139 32 deutlich
1040 1501 120 40 gesagt,
1186 1501 82 40 dass,
1286 1512 88 23 wenn

146 1545 49 31 die
219 1546 199 33 Behältnisse
448 1549 79 30 noch
559 1559 32 22 80
616 1550 62 31 viel
706 1550 94 33 Licht
823 1552 157 40 behalten,
1010 1553 57 31 wie
1097 1553 18 41 8
1149 1556 61 30 142
1240 1556 46 31 als
1318 1546 54 43 das

144 1599 189 41 gesetzliche
362 1600 168 32 Minimum
560 1602 237 34 charakterisirt
821 1606 74 32 oder
920 1606 54 32 der
997 1606 226 43 Eigenthümer
1248 1618 31 22 es
1306 1611 68 32 gich

144 1653 79 31 ohne
259 1653 248 32 beträchtlichen
543 1655 152 33 Aufwand
730 1659 194 33 verschaffen
959 1661 92 41 kann,
1087 1672 59 22 von
1182 1663 85 32 einer
1296 1664 77 33 Ver-

142 1706 176 42 pflichtung
346 1708 54 31 des
430 1708 161 31 Nachbars
621 1711 179 41 überhaupt
829 1713 90 33 keine
949 1715 84 32 Rede
1065 1716 67 31 gein
1161 1717 110 40 könne,
1308 1720 65 31 und

144 1760 71 31 dass
234 1750 60 41 nur
317 1761 93 31 unter
427 1761 56 31 der
506 1762 254 43 gegentheiligen
773 1765 255 45 Vorausgetzung
1052 1769 67 32 eine
1133 1765 240 53 Verpflichtung

143 1823 70 21 zum
237 1813 240 32 Zurückrücken
502 1814 133 42 eintritt,
660 1818 65 31 und
750 1829 78 22 zwar
851 1821 34 31 in
910 1822 70 31 dem
1002 1822 79 40 Fall,
1099 1833 90 22 wenn
1205 1824 54 32 das
1276 1835 95 31 ganze

143 1867 149 31 Gebäude
322 1877 59 21 nur
410 1868 77 30 Eine
518 1868 71 32 dem
611 1869 94 33 Licht
734 1874 204 41 zugängliche
968 1870 82 37 Seite
1080 1876 64 40 hat,
1169 1878 80 32 nach
1272 1879 101 34 Mass-

142 1921 76 40 gabe
250 1921 54 31 des
335 1921 17 40 3
386 1923 72 36 142,
488 1922 65 30 und
582 1933 88 22 wenn
700 1935 31 22 es
763 1927 97 32 deren
887 1929 74 31 zwei
988 1930 65 39 hat,
1090 1931 78 31 nach
1205 1932 166 44 Massgabe

141 1975 53 31 des
219 1974 17 41 S
265 1977 71 29 143.

229 2029 49 31 Da
302 2028 54 31 wir
382 2028 107 41 8treng
513 2038 38 22 an
576 2030 71 32 dem
672 2033 160 35 Wortlaut;
856 2037 53 32 des
940 2037 146 32 Gegetzes
1111 2038 169 35 festhalten
1305 2045 65 30 und

141 2093 38 21 zu
202 2083 102 32 einem
327 2082 59 31 mit
410 2082 60 31 den
493 2082 140 33 Motiven
657 2086 341 36 übereinstimmenden
1022 2092 64 30 und
1111 2092 55 32 der
1189 2094 102 34 Natur
1315 2098 56 31 der

141 2136 97 32 Sache
264 2135 267 41 entsprechenden
554 2136 146 35 Regultat
724 2142 163 42 gelangen,
919 2144 48 31 die
997 2144 171 43 Anhänger
1199 2148 56 33 der
1281 2152 88 30 herr-

140 2191 158 31 Schenden
328 2189 133 32 Ansicht
490 2189 73 31 aber
593 2200 187 36 gezwungen
811 2196 79 40 Sind,
921 2197 59 32 den
1010 2198 18 40 S8
1059 2201 61 30 143
1146 2203 160 32 mehrfach
1330 2214 38 20 zu
