1554 2357
682 56 61 28 TIE
760 56 77 28 ZEEEER

302 151 118 31 andern
445 151 84 30 Seite
552 151 108 37 Licht,
686 160 32 21 80
742 150 44 31 ist
810 160 31 22 es
866 160 119 31 genug,
1010 161 89 21 wenn
1124 152 55 30 der
1203 162 79 21 neue
1307 153 68 29 Bau

300 214 59 21 nur
390 205 107 30 Soweit
526 204 202 39 zurücktritt,
760 205 71 30 dass
862 205 56 30 der
940 204 147 31 Nachbar
1111 215 55 20 aus
1192 205 60 31 den
1277 216 97 30 unge-

301 258 135 31 öffneten
467 258 153 31 Fenstern
659 257 53 31 des
749 258 127 31 zweiten
912 258 192 31 Stockwerks
1142 259 60 30 den
1236 259 139 31 Himmel

300 312 95 31 Schen
418 312 110 31 könne.

230 375 58 31 Die
318 375 103 37 Fälle,
453 384 89 21 wenn
578 374 64 31 das
678 375 228 31 Behältniss
942 374 80 31 noch
1054 384 58 21 von
1143 375 84 31 einer
1256 377 117 30 andern

140 429 83 31 Seite
249 428 93 31 Licht
365 428 69 39 hat,
461 427 74 32 oder
559 438 104 30 wenn,
689 428 70 31 falls
785 438 31 21 es
841 428 72 31 kein
936 428 92 31 Licht
1052 437 58 21 von
1135 429 130 30 anderer
1290 429 83 32 Seite

137 482 70 39 hat,
239 482 54 30 das
325 491 116 30 ganze
473 481 180 32 Gebäude
683 482 79 31 noch
793 491 70 21 von
894 482 89 31 zwei
1012 481 91 31 oder
1128 482 82 30 drei
1239 483 134 30 anderen

139 535 105 32 Seiten
260 535 94 31 Licht
370 535 64 39 hat,
461 535 69 31 Sind
553 536 33 30 in
611 535 107 31 diesen
735 535 221 40 Paragraphen
972 536 87 30 nicht
1080 535 148 38 erwähnt,
1255 545 117 21 woraus

135 589 93 41 folgt,
260 589 87 31 dass
377 589 39 30 in
446 589 135 31 diegen
610 589 128 31 Fällen
769 588 61 32 ein
855 588 175 33 Servifut
1059 589 108 32 nicht
1196 589 175 40 eintritt,

138 643 167 31 Sondern
330 652 37 21 es
392 642 61 32 bei
478 642 17 41 8
524 645 60 30 139
610 643 210 31 bewendet.

227 706 160 31 Hiernach
416 705 123 31 können
568 706 55 31 wir
653 706 59 30 den
741 706 107 31 Inhalt
877 706 55 30 der
962 705 38 41 SS
1033 708 63 29 142
1125 706 64 30 und
1222 709 61 28 143
1314 716 59 20 nur

137 759 97 31 dahin
257 759 168 39 auffassen,
451 759 72 31 dass
549 759 55 30 der
628 759 18 40 S
675 762 62 28 142
762 759 49 31 die
836 759 229 40 Bedingungen
1090 759 143 41 angiebt,
1258 760 115 30 unter

137 813 122 31 denen
282 813 218 40 überhaupt
523 822 69 21 nur
616 822 70 22 von
711 813 107 31 einer
842 813 219 40 Belastung
1087 813 64 31 des
1168 814 203 30 Nachbarn

137 866 61 31 die
222 866 100 31 Rede
348 866 81 31 Sein
453 866 113 39 kann,
592 866 153 31 nämlich:

231 924 33 41 1)
300 925 81 31 Dass
407 925 49 31 die
480 925 132 31 Fenster
637 925 96 31 Schon
762 927 38 29 10
825 924 94 32 Jahre
944 925 181 31 vorhanden
1150 925 85 38 gind;

227 983 34 40 2)
296 984 82 31 Dass
403 984 60 31 den
479 983 291 39 Behältnissen,
795 984 32 31 in
846 984 168 31 denen-sie
1040 984 68 31 Sich
1131 984 155 39 befinden,
1312 994 61 21 nur

299 1047 59 21 von
384 1037 103 31 dieser
510 1036 99 31 Einen
634 1036 83 32 Seite
742 1037 93 31 Licht
859 1036 153 41 geschafft
1035 1037 122 30 werden
1183 1037 92 31 kann.

136 1090 65 30 und
232 1090 71 30 dass
333 1089 18 41 8
385 1092 61 29 142
474 1090 34 30 in
539 1089 119 31 diesgem
699 1090 69 30 Fall
798 1090 70 30 dem
908 1089 170 31 Bauenden
1121 1089 67 31 eine
1231 1095 141 34 gröggere

137 1143 139 31 Servitut
300 1143 130 41 auflegt,
456 1153 89 21 wenn
569 1143 81 31 auch
675 1144 54 30 das
754 1152 116 31 ganze
894 1142 182 32 Gebäude
1101 1152 60 20 nur
1184 1142 86 31 diese
1295 1144 76 30 Eine

136 1197 72 30 dem
224 1196 93 31 Licht
342 1197 194 40 ausgesetzte
553 1196 215 32 Ausgenwand
791 1196 65 40 hat,
882 1197 54 31 der
960 1196 17 41 8
998 1198 63 30 143
1086 1196 75 31 aber
1177 1197 92 31 unter
1294 1197 78 31 eben

132 1251 97 40 jenen
246 1250 113 32 beiden
373 1250 294 41 Vorausgetzungen
690 1260 60 21 nur
774 1250 68 31 eine
867 1250 173 41 geringere,
1059 1250 71 31 falls
1149 1250 53 31 das
1221 1240 150 42 Gebäude

135 1305 80 30 auch
241 1314 60 21 nur
326 1304 80 31 noch
432 1314 38 21 an
495 1304 94 31 Kiner
614 1304 118 31 andern
758 1304 83 31 Seite
867 1304 67 31 eine
959 1305 71 30 dem
1046 1304 93 31 Licht
1167 1305 204 40 zugängliche

135 1358 76 31 freie
237 1350 105 39 Wand
365 1357 63 32 hat.

225 1418 70 33 Wir
325 1420 70 31 8ind
419 1430 59 21 uns
503 1421 152 38 bewusst,
682 1420 71 31 dass
778 1420 56 31 wir
862 1420 59 30 mit
945 1420 103 30 dieger
1071 1420 134 30 Angicht
1229 1421 71 30 dem
1325 1431 47 21 er-

91 1484 2 31 |
134 1473 198 33 drückenden
350 1473 141 32 Gewicht
508 1474 54 31 der
578 1474 59 30 mit
654 1474 54 31 der
716 1473 230 38 WisSenschaft
965 1472 94 41 völlig
1076 1473 295 32 übereinstimmen-

91 1518 2 56 |
134 1528 60 31 den
207 1528 153 40 Meinung
377 1528 54 30 des
445 1528 153 31 höchsten
616 1527 234 31 Gerichtshofes
868 1537 76 30 ganz
961 1526 104 32 iSolirt
1081 1528 291 41 gegenüberstehen

89 1581 3 42 |
132 1583 66 30 und
228 1582 103 31 haben
361 1591 32 21 es
423 1591 60 21 nur
513 1581 80 31 nach
622 1581 111 40 langer
756 1581 64 31 und
849 1581 200 41 Sorgfältiger
1072 1582 143 41 Prüfung
1240 1584 130 38 gewagt,

86 1634 2 6 |
134 1635 138 32 diegelbe
294 1636 33 30 in
353 1635 102 31 dieger
482 1635 117 31 Schrift
623 1634 161 32 öffentlich
809 1645 37 21 zu
866 1636 227 40 vertheidigen.
1141 1636 71 31 Wir
1235 1636 137 40 glauben

133 1691 84 38 aber,
244 1690 70 31 dass
341 1698 112 22 unsere
479 1688 129 32 Gründe
632 1698 59 22 von
717 1699 32 21 80
774 1689 202 41 gewichtiger
997 1690 102 31 Natur
1124 1690 80 39 sind,
1231 1690 70 31 dass
1317 1690 55 31 wir

134 1744 43 31 Sie
203 1744 54 31 der
280 1743 232 41 Beurtheilung
540 1743 65 30 und
631 1743 198 31 eventuellen
853 1743 164 41 Billigung
1046 1743 74 31 oder
1144 1743 227 41 Widerlegung

133 1797 261 41 fachkundigerer
410 1797 144 31 Juristen
578 1797 189 39 vorzulegen
783 1797 199 40 verpflichtet
1005 1806 112 31 waren,
1143 1798 102 30 zumal
1259 1807 31 22 es
1305 1797 67 31 Sich

132 1860 55 29 um
210 1851 67 31 eine
302 1851 45 31 im
371 1851 228 31 eminentesten
625 1850 93 31 Sinne
742 1850 178 39 praktische
944 1851 100 40 Frage
1068 1851 140 31 handelt.

223 1911 59 30 Die
317 1911 211 31 herrschende
562 1910 153 40 Meinung
749 1909 99 32 findet
883 1911 61 31 den
973 1911 209 31 Unterschied
1218 1912 153 30 zwischen

131 1963 18 41 S
178 1967 62 29 142
264 1964 64 32 und
357 1966 60 31 143
443 1964 101 40 darin,
569 1964 72 31 dass

207 2022 47 42 1)
291 2023 17 41 S
336 2026 63 29 142
423 2033 60 22 von
508 2023 71 31 dem
602 2022 69 32 Fall
696 2023 138 39 Spreche,
860 2024 72 31 dass
959 2024 48 32 die
1030 2023 257 32 Behältnisse
1310 2033 62 21 von

291 2077 108 32 keiner
423 2077 135 32 anderen
583 2077 45 31 als
655 2076 55 32 der
733 2076 242 33 Nachbarsseite
1000 2077 93 32 Licht
1116 2078 112 37 haben,

220 2135 33 42 2)
289 2136 18 40 8
335 2139 62 30 143
422 2147 61 21 von
508 2137 70 31 dem
604 2136 324 41 entgegengesgetzten,
954 2137 140 32 nämlich
1118 2146 89 22 wenn
1231 2136 49 31 die
1305 2137 65 31 Be-

292 2190 196 32 hältnisse
512 2191 81 31 noch
617 2200 60 22 von
702 2190 86 31 einer
812 2191 117 31 andern
954 2191 83 32 Seite
1061 2191 93 31 Licht
1177 2191 112 30 haben.
