1564 2357
682 61 41 4 LG
794 62 41 3 SEE

141 139 55 32 der
214 139 240 43 Constituirung
471 142 55 31 der
544 142 141 31 Servitut
701 142 208 31 vollkommen
928 142 241 31 einverstanden
1187 143 54 30 8ei.
1272 142 103 32 Wenn

139 194 75 30 aber
239 194 53 30 das
319 194 112 32 Gegetz
457 206 38 21 an
521 196 68 31 eine
614 195 232 42 UnterlasSung
876 196 74 31 oder
975 196 49 30 ein
1050 196 249 40 Stillschweigen
1325 196 49 31 ein

141 248 151 32 Schweres
318 249 144 40 Präjudiz
487 249 139 41 knüpfen
650 250 73 39 will,
750 259 32 22 80
805 260 86 21 muss
910 259 32 22 es
960 259 54 21 vor
1030 249 104 32 Allem
1151 260 101 31 genau
1269 260 105 30 Sagen,

138 311 61 21 was
226 302 55 31 der
296 303 158 32 Bedrohte
480 314 37 21 zu
541 303 80 31 thun
646 303 74 32 oder
745 314 37 30 zu
807 313 93 31 Sagen
926 304 90 38 habe,
1035 313 53 21 um
1106 313 31 22 es
1155 304 218 31 abzuwenden.

138 356 63 30 Das
228 355 80 42 folgt
332 367 55 21 aus
413 357 55 31 der
491 357 103 31 Natur
619 357 55 32 der
699 358 97 31 Sache
820 359 65 30 und
910 367 55 22 aus
991 357 17 40 8
1037 360 37 29 16
1100 358 49 31 tit.
1179 362 30 33 4,
1246 359 37 40 8S
1312 361 60 30 126

139 411 63 33 247
227 410 50 31 (it.
312 410 112 41 43,88
453 413 61 29 133
545 411 135 31 13616.
716 414 48 36 145
803 411 17 40 8
847 414 40 30 59
914 411 49 31 tit.
999 414 16 28 6
1042 410 64 31 und“
1137 411 89 39 8543.
1251 413 50 30 fit.“
1331 414 42 29 22

137 463 57 31 Th.
226 464 25 30 1.
282 463 37 31 A.
349 464 99 31 L.-R.
515 465 36 30 In
583 465 71 31 dem
684 466 104 31 ersten
818 465 145 32 Entwurf
988 475 63 21 war
1081 465 81 31 denn
1193 466 78 30 auch
1303 476 71 21 aus-

137 512 161 37 drücklich
323 518 118 40 gegagt,
473 510 63 39 der
553 518 139 32 Nachbar
715 519 101 31 könne
841 519 49 30 die
914 519 175 40 Belastung
1119 519 99 31 durch
1247 519 127 31 Protest

135 571 165 31 innerhalb
325 571 102 31 dreier
451 571 95 32 Jahre
571 572 179 32 abwenden.
800 571 97 41 Der
872 571 19 41 S
917 575 60 29 142
994 573 48 31 tit.
1071 576 10 28 8
1100 573 58 32 Th.
1184 573 187 31 1.A.1L.-R.

136 625 114 40 knüpft
274 625 49 31 die
348 625 201 41 Entstehung
579 626 55 30 der
659 626 141 31 Servitut
831 626 141 41 dagegen
997 626 93 31 allein
1121 637 39 21 an
1189 628 54 30 das
1268 628 104 31 blosse

136 679 117 31 Dasein
286 680 55 30 der
370 679 132 31 Fenster
530 680 146 31 während
711 683 37 28 10
782 680 104 31 Jahre.
935 680 121 31 Daraus
1081 679 88 41 folgt,
1196 681 71 30 dass
1293 682 80 30 nach

136 732 55 31 der
226 731 134 33 Absicht
402 732 53 32 des
494 732 224 41 Gesetzgebers
762 733 50 31 die
856 732 141 33 Servitut
1038 744 59 21 nur
1138 733 139 31 dadurch
1319 734 53 30 ab-

135 786 163 39 gewendet
325 786 124 31 werden
477 780 92 43 Kann,
589 786 72 31 dass
680 786 54 31 der
751 786 147 32 Nachbar
915 787 165 32 innerhalb
1098 788 102 31 dieser
1222 785 36 34 10
1276 787 95 32 Jahre

136 840 49 30 die
210 840 131 31 Fenster
366 840 141 31 verbaut.

225 894 93 31 Diese
355 893 297 41 Schlussfolgerung
686 894 105 31 würde
827 904 60 21 nur
922 894 83 31 dann
1040 894 217 32 unzutreffend
1294 895 75 38 Sein,

135 956 88 22 wenn
248 947 55 32 der
320 947 209 40 Gegetzgeber
552 947 87 31 hätte
657 948 175 30 annehmen
856 948 133 39 können,
1016 948 70 33 dass
1105 949 66 31 Sich
1189 949 54 31 das
1260 949 109 35 Recht,

135 1000 49 31 die
214 1001 175 40 Belastung
419 1001 98 31 durch
547 1001 290 40 Protesterhebung
867 1002 218 38 abzuwenden,
1116 1002 81 31 nach
1227 1002 59 31 den
1317 1002 53 30 be-

135 1054 173 31 Stehenden
331 1054 153 31 Gesetzen
508 1064 59 20 von
593 1055 100 30 Selbst
716 1055 154 30 verstehe.
919 1054 75 31 Dies
1018 1055 105 40 würde
1154 1056 80 30 nach
1262 1056 17 40 S
1307 1058 61 29 603

133 1108 49 31 tit.
211 1111 17 29 9
254 1108 57 31 Th.
342 1108 23 31 I.
391 1108 36 31 A.
444 1107 88 32 L.-R.
560 1108 82 31 dann
667 1108 55 31 der
737 1108 70 30 Fall
832 1107 76 38 8ein,
934 1117 88 21 wenn
1045 1108 55 31 der
1123 1108 245 41 Erwerbsgrund

134 1162 55 31 der
218 1161 140 32 Servitut
390 1157 198 45 Verjährung
620 1161 97 31 durch
753 1161 106 31 Besitz
882 1165 96 39 wäre.
1038 1161 75 31 Dies
1145 1162 113 40 nimmt
1288 1162 80 31 denn

134 1216 80 30 auch
245 1216 54 31 das
330 1215 225 32 Obertribunal
585 1225 39 21 an
654 1233 43 4 --
727 1215 128 31 Entsch.
887 1216 91 31 Band
1011 1217 35 30 51
1083 1215 29 32 8.
1142 1218 50 30 75.
1218 1234 42 4 --
1285 1215 83 31 Weil

134 1269 67 31 eine
231 1269 225 40 Veränderung
491 1269 33 31 in
554 1269 59 31 den
651 1269 138 32 Rechten
819 1279 38 21 an
888 1269 90 31 einen
1014 1269 179 32 Zeitablauf
1217 1269 152 42 geknüpft

133 1323 112 39 werde,
277 1333 33 21 80
341 1322 45 32 Sei
416 1328 121 35 gemäss
569 1322 17 41 S
614 1325 62 30 500
706 1323 49 31 tit.
792 1326 8 29 9
831 1323 57 31 Th.
920 1323 23 31 I.
976 1324 49 31 die
1056 1323 199 41 zehnjährige
1284 1323 85 31 Frist

132 1376 51 31 für
214 1376 67 32 eine
310 1376 272 40 Verjährungsfrit
617 1387 37 20 zu
684 1377 155 31 erachten.
900 1376 18 40 S8
951 1379 62 29 500
1046 1377 52 30 cit.
1135 1377 234 31 charakterisgirt

133 1431 75 31 aber
244 1431 49 30 die
324 1430 200 42 Verjährung
554 1431 45 30 als
632 1430 68 31 eine
730 1430 227 40 Veränderung
987 1439 59 21 von
1076 1430 139 31 Rechten
1240 1439 128 31 wegen

132 1484 298 32 unterlasSener
453 1484 216 39 Ausübung
692 1483 147 32 während
864 1483 85 31 einer
973 1483 204 31 bestimmten
1202 1483 76 31 Zeit.
1304 1483 63 31 Das

134 1537 225 33 Obertribunal
383 1538 87 41 giebt
494 1537 82 31 denn
601 1537 79 31 auch
705 1547 47 27 zu,
778 1537 71 31 dass
879 1537 81 31 noch
989 1536 226 32 Begitzerwerb
1246 1536 54 33 des
1331 1547 37 21 zu

132 1592 245 41 begründenden
408 1592 114 31 Rechts
554 1590 201 32 erforderlich
786 1592 53 30 8ei.
899 1591 87 31 Dazu
1015 1591 111 41 gehört
1155 1592 80 30 nach
1269 1591 18 40 8
1318 1572 46 58 56

104 1643 77 33 tit.
216 1648 17 28 7
264 1646 59 31 Th.
354 1646 24 31 L
409 1645 36 31 A.
470 1645 101 39 L.-R.,
598 1644 71 31 dass
695 1644 55 31 der
772 1645 228 41 Eigenthümer
1024 1646 53 31 des
1103 1656 37 20 zu
1163 1644 203 32 belastenden

133 1698 218 32 Grundstücks
376 1710 38 20 zu
438 1700 101 29 bauen
564 1699 163 39 begonnen
751 1699 65 30 und
846 1699 55 31 auf
927 1699 222 40 Untersagung
1179 1699 99 30 davon
1304 1698 62 31 Ab-

133 1753 92 41 Stand
250 1763 183 32 genommen
458 1753 89 31 habe.
596 1753 63 30 Das
691 1752 225 32 Obertribunal
944 1753 101 31 meint
1072 1752 116 40 indess,
1220 1752 82 39 dass,
1329 1752 39 31 da

132 1806 54 32 das
212 1806 111 32 Gegetz
349 1807 59 31 den
432 1807 126 31 Erwerb
584 1806 56 31 der
665 1805 140 32 Servitut
829 1816 38 21 an
899 1806 49 32 die
978 1806 104 31 blosse
1113 1805 175 41 Eröffnung
1312 1805 55 31 der

131 1860 132 31 Fenster
286 1860 115 42 knüpfe
426 1861 65 31 und
516 1860 48 31 die
590 1859 199 41 zehnjährige
814 1860 85 31 Frist
922 1869 61 22 von
1008 1860 38 30 da
1070 1869 39 21 an
1133 1859 93 39 laufe,
1251 1859 114 34 keine

131 1913 140 31 andere
300 1914 194 31 Annahme
525 1913 172 41 möglich
726 1913 72 38 8ei,
836 1915 44 30 als
911 1914 71 31 dass
1012 1914 80 30 nach
1122 1914 17 40 S8
1174 1916 61 29 142
1264 1913 49 31 tit.
1346 1915 18 29 8

131 1967 58 31 Th.
224 1967 24 31 1.
273 1967 141 32 A.1.-R.
440 1968 56 31 der
519 1967 105 32 Begitz
650 1966 53 31 des
729 1976 37 21 zu
790 1967 244 41 begründenden
1051 1967 115 34 Rechts
1192 1967 100 30 durch
1315 1966 50 31 die

130 2020 105 32 blosse
265 2020 173 42 Eröffnung
468 2022 54 30 der
551 2020 132 32 Fenster
712 2021 158 31 erworben
899 2021 112 32 werde.
1071 2021 94 31 Diese
1200 2019 165 35 Annahme

131 2074 123 32 Scheint
277 2084 59 21 uns
361 2075 75 31 aber
460 2079 123 37 gemäss
609 2073 17 41 8
654 2075 44 42 66
723 2072 50 32 tit.
803 2076 16 28 7
846 2074 57 31 Th.
929 2074 24 31 I.
977 2074 45 32 "A.
1052 2074 88 32 L.-R.
1166 2072 197 39 bedenklich,

130 2129 39 32 da
193 2128 50 31 die
259 2128 173 42 Eröffnung
456 2129 55 32 der
526 2129 132 31 Fenster
683 2127 67 32 eine
775 2137 49 21 res
849 2138 103 22 merae
977 2128 160 32 facultatis
1160 2127 53 37 ist,
1231 2126 134 31 welcher

130 2184 55 32 der
209 2182 124 40 Gegner
349 2182 87 32 nicht
460 2193 38 22 zu
514 2182 249 42 widersprechen
787 2181 179 42 berechtigt
981 2182 51 31 ist.
1081 2182 64 31 Der
1161 2180 202 40 Berechtigte
