1553 2357
696 51 65 29 SELBER
776 51 99 29 [171

170 148 213 41 nothdürftige
400 150 92 30 Licht
515 149 88 31 nicht
626 147 152 41 geschafft
803 146 120 31 werden
947 146 92 42 Kann,
1066 149 134 31 Sondern
1218 153 108 40 Streng
1350 163 53 30 ge-

169 211 145 21 nommen
337 212 61 22 nur
422 203 96 39 dann,
544 212 87 22 wenn
656 202 71 30 dem
751 200 144 31 Nachbar
919 199 53 31 das
998 210 116 31 ganze
1140 202 262 46 Gebäude
1337 199 65 49 un-

168 255 177 31 brauchbar
361 256 154 40 gemacht,
532 256 67 31 ihm
615 255 54 31 der
686 253 165 32 Gebrauch
875 248 165 37 desgelben
1062 264 94 31 ganz
1179 267 222 30 genommen

167 309 65 30 und
250 319 32 21 80
300 310 64 31 Sein
383 310 223 40 gänzlicher
622 307 98 32 Ruin
733 306 235 41 herbeigeführt
981 308 112 31 würde.
1143 310 75 31 Dies
1236 311 80 33 lässt
1333 313 67 32 Sich

168 372 59 21 nur
262 362 33 31 in
325 363 71 32 dem
425 364 100 31 Einen
548 362 69 31 Fall
642 360 191 41 behaupten,
863 370 87 21 weun
976 361 53 31 das
1056 361 185 35 Gebäude
1265 376 60 21 nur
1349 368 50 30 die

166 415 76 32 Eine
268 416 72 32 dem
354 417 93 31 Licht
470 416 192 41 ausgesetzte
679 414 103 31 Wand
805 414 79 31 nach
909 414 70 31 dem
995 415 343 42 Nachbargrundstück
1362 431 38 21 zu

166 469 62 31 hat.
277 470 64 31 Hat
365 471 53 30 das
442 469 149 32 Gebäude
616 468 79 31 auch
719 478 59 20 nur
801 467 80 31 noch
898 468 76 31 Eine
999 469 113 31 andere
1136 470 76 32 freie
1231 471 94 41 Seite,
1352 485 45 20 wo

165 523 131 31 Fenster
311 523 70 31 mit
397 522 135 40 Erfolg
545 522 146 40 angelegt
706 521 120 31 werden
844 521 132 40 können,
995 532 32 21 80
1045 522 82 32 kann
1143 534 60 21 von
1220 526 179 39 gänzlicher

165 575 292 33 Unbrauchbarkeit
481 575 53 32 des
560 575 202 32 Gebäudes
787 575 65 31 und
875 584 71 23 vom
970 576 231 40 gänzlichen
1224 578 98 32 Ruin
1342 581 54 31 des

163 629 241 41 Eigenthümers
431 629 101 32 Sicher
555 629 90 32 keine
668 629 85 31 Rede
778 629 75 31 Sein.

251 683 171 32 Immerhin
447 684 73 31 aber
543 684 43 31 ist
610 684 54 32 der
687 683 225 41 Eigenthümer
936 684 52 30 des
1014 682 175 41 Gebäudes,
1206 686 187 41 wenigstens

162 737 32 31 in
225 737 70 32 dem
325 737 69 32 Fall
423 738 80 32 noch
527 738 38 41 in
596 738 85 32 einer
710 737 161 41 traurigen
894 737 97 41 Lage,
1017 747 89 21 wenn
1130 738 54 31 das
1210 738 182 35 Gebäude

163 802 59 21 nur
239 792 81 30 noch
343 801 60 21 von
420 792 115 31 Einer
559 792 136 31 anderen
712 791 83 32 Seite
819 791 59 32 frei
894 791 130 41 gelegen
1047 791 43 31 ist
1113 791 65 31 und
1195 802 32 21 es
1252 794 142 40 zugleich

161 845 88 31 nicht
271 845 138 40 möglich
432 846 58 38 ist,
522 846 101 31 einem
653 846 74 31 oder
756 846 71 31 dem
856 845 116 31 andern
996 845 55 31 der
1074 845 228 32 verdunkelten
1325 848 15 31 B
1351 848 41 32 e-

160 897 195 32 hältnisse
373 898 53 31 das
444 898 245 41 nothdürftigste
708 898 158 38 Quantum
881 898 94 32 Licht
991 897 198 40 zuzuführen,
1215 899 72 31 oder
1313 901 79 32 doch

161 950 77 31 dazu
262 950 50 31 ein
337 950 177 32 erhebliche
538 951 120 31 Kosten
682 952 264 31 verursachender
962 952 124 31 Umbau
1110 951 53 31 des
1180 952 122 32 Hauses
1326 956 65 30 und

160 1003 103 31 Seiner
286 1002 111 32 innern
421 1003 209 41 Einrichtung
654 1004 202 32 erforderlich
880 1005 51 31 ist.
960 1015 3 2 *

249 1056 74 32 Dies
354 1057 43 31 ist
426 1057 55 32 der
508 1058 68 30 Fall
606 1057 53 31 des
689 1057 17 40 S
734 1061 78 36 143,
844 1058 55 31 der
929 1059 54 30 das
1009 1058 241 40 Temperament
1283 1061 107 32 bilden

160 1111 63 30 und
253 1110 71 31 dem
347 1111 233 39 Hausbesitzer,
611 1121 53 21 um
694 1111 60 31 den
782 1112 226 32 verdunkelten
1031 1112 232 39 Behältnissen,
1289 1115 101 32 denen

159 1164 145 40 garnicht
328 1165 73 30 oder
425 1174 59 21 nur
507 1164 190 31 vermittelst
714 1164 84 32 eines
823 1175 162 31 grossen
1009 1166 65 31 und
1096 1167 292 43 kostspieligen

159 1217 140 31 Umbaus
316 1217 93 31 Licht
424 1217 105 31 würde
546 1217 165 41 zugeführt
726 1219 123 31 werden
866 1219 132 40 können,
1017 1220 79 32 ohne
1113 1220 126 43 Solchen
1253 1222 136 33 Kosten-

158 1270 142 31 aufwand
324 1271 54 30 das
404 1271 248 41 nothdürftigste
677 1272 94 31 Licht
795 1283 37 21 zu
857 1274 133 39 Sichern,
1023 1274 68 32 eine
1116 1274 140 33 Servitut
1278 1276 34 31 in
1336 1287 53 31 ge-

157 1324 156 45 ringerem
341 1324 141 43 Umfang,
509 1325 44 32 als
579 1326 17 41 8
623 1328 63 30 142
711 1327 172 39 bestimmt,
909 1328 164 41 gewähren
1098 1328 68 32 Soll.

246 1378 134 32 Hieraus
405 1380 76 41 geht
505 1380 143 42 zugleich
671 1381 121 40 hervor,
824 1382 71 32 dass
919 1383 18 41 8
964 1385 62 29 142
1056 1392 60 22 nur
1146 1383 58 31 den
1235 1384 68 32 Fall
1334 1387 54 31 des

157 1432 170 42 eigentlich
361 1434 182 33 wirklichen
578 1435 213 33 Nothstandes
827 1436 44 32 im
906 1437 88 41 Auge
1030 1437 100 31 haben
1166 1437 93 40 kann,
1299 1449 90 23 wenn

155 1488 138 31 nämlich
318 1488 66 32 das
402 1489 184 32 Gebäude
604 1500 60 22 von
688 1491 83 31 allen
788 1491 68 32 drei
880 1492 134 31 anderen
1032 1491 105 32 Seiten
1162 1502 33 21 80
1220 1492 184 45 eingebaut

154 1541 52 39 ist,
238 1542 72 31 dass
340 1542 54 32 das
431 1543 92 32 Licht
553 1554 37 21 zu
620 1545 107 31 Seinen
757 1545 144 32 Wänden
931 1546 112 31 keinen
1073 1546 118 31 Zutritt
1220 1546 64 40 hat,
1317 1548 71 33 dort
1418 1576 5 2 .

154 1595 65 31 als0
244 1595 78 31 auch
346 1596 90 31 keine
459 1596 132 32 Fenster
613 1597 59 32 mit
695 1599 107 41 Erfolg
826 1601 145 41 angelegt
994 1600 123 31 werden
1140 1600 131 31 können.

244 1649 103 31 Wenn
377 1650 85 31 diese
491 1650 195 42 Auslegung,
716 1654 139 31 nämlich
886 1655 49 32 die
966 1654 220 32 entschiedene
1218 1655 168 43 Betonung

153 1703 53 31 des
224 1703 244 31 Unterschiedes
494 1704 152 32 zwischen
671 1706 63 31 den
751 1708 227 33 verdunkelten
1002 1708 202 32 einzelnen
1228 1709 158 33 Behält-

152 1757 134 31 nissen
311 1757 65 31 und
400 1757 72 31 dem
495 1767 146 31 ganzen
665 1758 193 44 Gebäude,
883 1763 116 41 richtig
1022 1763 52 38 ist,
1101 1762 83 31 dann
1206 1762 81 32 kann
1305 1765 81 32 auch

152 1810 134 32 darüber
309 1809 72 32 kein
405 1810 125 31 Zweifel
554 1812 163 40 obwalten,
743 1824 61 22 was
836 1816 56 31 der
916 1816 208 41 Gegetzgeber
1152 1816 94 31 unter
1272 1817 113 39 „Licht

150 1864 121 32 haben“
298 1864 187 31 verstanden
509 1864 64 31 hat.
623 1865 90 33 Denn
748 1879 60 21 von
844 1870 101 31 einem
981 1879 115 32 ganzen
1128 1869 149 33 Gebäude
1315 1875 70 41 sagt

149 1928 72 22 man
240 1917 78 32 auch
334 1917 45 31 im
395 1918 237 39 gewöhnlichen
650 1920 288 43 Sprachgebrauch,
965 1934 31 21 es
1021 1924 97 30 habe
1137 1934 57 21 von
1218 1926 165 34 mehreren

150 1972 106 32 Seiten
279 1971 102 39 Licht,
407 1980 89 22 wenn
521 1972 54 31 das
599 1972 95 33 Licht
724 1976 107 32 Seinen
855 1977 145 32 Wänden
1028 1987 60 21 nur
1116 1979 187 41 zugänglich
1328 1982 53 41 ist,

148 2036 88 22 wenn
266 2026 80 31 auch
375 2024 78 31 noch
483 2025 89 32 keine
602 2026 271 45 Lichtöffnungen,
906 2032 49 31 die
985 2031 66 31 ihm
1081 2031 60 32 den
1170 2033 133 34 Eintritt
1332 2038 48 31 ins

146 2081 113 32 Innere
283 2081 54 31 des
356 2078 164 32 Gebäudes
545 2080 167 41 gestatten,
736 2084 116 32 bereits
869 2085 179 31 vorhanden
1066 2085 80 33 Sind.
1196 2087 127 42 Grein,
1348 2091 33 32 in

147 2135 118 32 Seinem
295 2133 159 33 Baurecht
489 2132 30 31 S.
552 2135 52 37 90,
640 2135 56 32 hat
724 2138 126 31 hierauf
874 2139 65 30 und
969 2139 79 30 auch
1077 2140 57 31 auf
1160 2141 60 33 den
1250 2154 128 22 ungeres

145 2190 172 32 Erachtens
343 2188 71 32 Sehr
444 2187 225 34 bedeufsamen
694 2191 155 33 Umstand
879 2192 208 32 aufmerksam
1112 2198 155 39 gemacht,
1295 2199 81 40 dass,
