1564 2357
732 48 153 28 RE

193 146 114 31 begitzt
336 155 59 20 nur
426 144 65 30 das-
511 144 85 44 Haus
627 142 59 31 mit
716 143 59 29 den
806 142 161 39 Penstern,
1006 144 99 31 damit
1132 147 75 31 aber
1235 133 102 48 weder
1367 151 70 38 den

192 200 164 31 Luftraum
381 198 53 30 des
460 196 160 31 Nachbars
644 196 80 30 noch
749 195 50 31 ein
823 195 339 49 Untersagungsrecht.
1210 202 150 41 Dagegen
1384 204 43 31 ist

193 245 75 39 eine
286 243 125 50 andere
424 250 162 30 Annahme
612 250 71 30 Sehr
706 249 81 31 wohl
810 243 161 46 möglich,
989 250 137 32 nämlich
1158 253 72 32 dass
1262 257 79 30 nach
1371 257 68 36 der

192 305 133 33 Absicht
342 305 53 30 des
414 304 223 40 Gegetzgebers
655 303 49 31 die
722 301 198 41 zehnjährige
938 302 83 32 Frist
1043 302 53 32 des
1121 304 17 40 S
1163 309 59 29 142
1244 308 52 31 eit.
1315 310 110 32 keine

192 359 289 41 Verjährungsfrist
506 358 66 31 Sein
597 357 85 32 Solle.
730 356 102 31 Wenn
862 356 207 41 Dernburg
1093 358 59 31 den
1177 352 250 51 Erwerbsgrund

192 414 45 31 als
264 413 67 32 eine
356 412 172 32 anomale
553 411 199 40 Verjährung
776 409 190 40 bezeichnet,
992 410 50 31 bei
1059 411 55 31 der
1129 411 124 33 freilich
1269 424 59 22 von
1344 416 81 32 bona

191 468 77 30 fides
293 468 63 30 und
374 466 85 32 Titel
481 465 90 31 keine
588 464 84 31 Rede
698 463 54 40 Sei,
772 473 32 21 80
828 464 120 30 müsste
966 474 40 21 er
1030 465 80 30 noch
1133 465 200 43 hinzufügen,
1352 470 71 31 dass

192 532 31 21 es
248 522 80 31 auch
352 530 38 21 an
416 508 84 42 dem
520 517 130 31 Begitz
675 518 53 30 des
755 528 37 20 zu
816 517 220 32 erwerbenden
1052 518 115 32 Rechts
1192 520 92 40 fehle,
1302 524 120 30 woraus

192 576 82 30 dann
298 574 88 40 folgt,
413 573 71 30 dass
509 582 60 21 von
592 571 199 41 Verjährung
815 571 177 41 überhaupt
1016 571 88 32 keine
1129 573 85 32 Rede
1240 574 66 31 gein
1329 561 92 46 kann.

279 627 76 31 Wer
379 627 105 31 zuerst
507 626 131 31 Fenster
662 623 80 34 nach
767 622 53 35 des
844 625 162 33 Nachbars
1037 625 84 32 Seite
1152 627 106 41 anlegt
1288 628 133 41 (primus

191 684 177 38 occupans),
406 681 127 32 erwirbt
568 680 55 32 auf
657 680 108 43 Grund
799 680 53 32 des
889 680 182 32 Gesetzes
1103 681 78 30 nach
1216 681 121 32 Ablauf
1362 693 80 22 von/

193 740 39 28 10
258 737 117 31 Jahren
406 736 49 31 ein
466 735 245 32 Servitutrecht
741 744 97 31 gegen
869 735 59 31 den
951 734 177 32 Nachbarn.
1176 734 76 32 Der-
1270 736 152 33 Erwerbs-

190 791 101 41 grund
315 786 43 36 ist
381 790 64 32 also
471 790 68 31 eine
556 790 59 30 Art
639 789 170 41 gegetzlich
833 788 222 31 Sanktionirter
1072 787 192 41 Occupation
1289 808 40 4 --
1347 791 75 32 aber

190 845 88 30 nicht
303 845 86 30 einer
413 854 48 21 res
487 844 128 38 nullius,
643 843 132 30 Sondern
799 842 141 31 fremden
963 841 217 41 Eigenthums,
1199 841 95 32 deren
1318 845 103 31 recht-

189 898 82 31 liche
288 898 157 39 Wirkung
469 898 74 30 aber
559 896 65 31 erst
647 896 79 30 nach
742 895 121 32 Ablauf
882 905 60 21 von
970 897 38 29 10
1026 894 116 31 Jahren
1167 894 131 34 eintritt.
1326 897 94 32 Diese

190 951 84 31 Frist
296 951 44 31 ist
364 951 71 30 dem
463 949 226 41 Eigenthümer
718 949 152 40 gelassen,
903 948 66 31 Sein
998 948 191 41 Eigenthum
1218 949 141 32 dadurch
1388 951 33 32 in

191 1004 175 31 Sicherheit
388 1014 36 20 zu
446 1003 142 40 bringen,
615 1002 71 30 dass
704 1011 33 21 er
754 1011 31 21 es
803 1001 125 31 bebaut.
976 1002 64 30 Der
1065 1001 209 41 Gesetzgeber
1298 1004 123 32 8cheint

190 1058 97 30 davon
326 1067 219 30 ausgegangen
582 1066 38 20 zu
656 1055 76 38 Sein,
770 1055 70 36 dass
878 1054 178 41 derjenige,
1083 1055 132 31 welcher
1249 1056 80 31 trotz
1366 1058 55 31 der

188 1111 180 31 drohenden
392 1110 174 40 Belastung
590 1109 88 30 nicht
701 1108 89 39 baue,
817 1107 66 31 Sein
901 1107 202 32 Grundstück
1120 1108 88 32 nicht
1224 1120 69 21 zum
1310 1110 109 32 Bauen

187 1164 163 31 bestimmt
385 1164 95 36 habe,
522 1163 64 29 und
627 1162 95 30 daher
764 1161 97 30 durch
899 1161 49 31 die
986 1162 310 42 Baubeschränkung
1331 1164 88 31 nicht

187 1217 180 31 wesentlich
390 1215 135 32 belastet
549 1215 110 38 werde,
689 1214 147 31 während
861 1214 71 32 dem
956 1215 124 41 Gegner
1104 1215 97 32 durch
1226 1216 192 43 Verbauung

187 1281 58 20 von
270 1269 114 31 bereits
413 1271 38 28 10
476 1268 95 31 Jahre
596 1268 219 31 vorhandenen
844 1269 152 31 Fenstern
1025 1270 50 30 ein
1106 1269 152 32 Schwerer
1287 1262 130 41 Verlust

188 1322 147 41 zugefügt
359 1322 100 31 werde
477 1341 40 2 --
537 1322 54 33 ef.
609 1321 118 41 Grein,
752 1322 159 31 Baurecht
935 1323 29 31 8.
991 1325 51 29 90.
1078 1335 2 2 *

278 1376 39 31 S0
342 1377 134 31 überaus
502 1376 213 42 Sympathisch
733 1377 95 31 daher
852 1377 80 31 auch
956 1387 145 21 unserem
1118 1377 226 41 Rechtsgefühl
1369 1380 49 31 die

186 1431 207 41 vorgedachte
417 1431 236 41 Entscheidung
677 1432 53 30 des
756 1431 239 32 Obertribunals
1020 1432 52 39 ist,
1099 1441 34 26 80
1152 1431 98 32 findet
1272 1431 44 31 Sie
1333 1443 30 20 u.
1382 1433 34 32 KE.

187 1487 78 31 doch
288 1486 33 31 in
353 1486 58 31 den
441 1486 132 31 Worten
602 1487 54 31 des
687 1486 146 32 Gegetzes
860 1487 69 31 und
961 1487 55 31 der
1043 1485 134 32 Absicht
1206 1486 54 31 des
1291 1485 127 33 Gesetz-

187 1541 109 40 gebers
321 1540 90 31 keine
437 1539 260 42 Unterstützung.
745 1540 112 33 Dieser
885 1541 56 31 hat
970 1550 31 22 es
1033 1540 33 32 in
1097 1540 55 32 der
1176 1539 83 32 That
1287 1539 50 32 für
1362 1541 56 32 der

186 1594 199 32 natürlichen
402 1594 164 40 Billigkeit
583 1594 230 41 entsprechend
830 1595 149 40 erachtet,
1005 1595 70 31 dass
1094 1594 49 31 ein
1161 1593 255 42 Grundbesgitzer,

186 1649 133 30 welcher
344 1658 31 21 es
401 1647 196 40 nachsichtig
612 1648 186 39 -geschehen
823 1649 89 40 lässt,
944 1650 70 30 dass
1047 1648 66 32 Sein
1142 1647 146 32 Nachbar
1318 1658 100 32 gegen

186 1702 48 30 die
264 1701 177 32 Vorschrift
471 1700 53 31 des
562 1700 17 40 S
619 1703 61 29 139
712 1702 50 31 tit.
795 1706 17 28 8
850 1703 58 31 Th.
940 1703 25 31 I.
995 1702 60 32 mit
1084 1702 119 31 gSeinem
1231 1701 107 32 Hause
1368 1703 48 32 bis

186 1755 87 32 dicht
303 1765 38 21 an
371 1755 50 31 die
452 1754 118 32 Grenze
600 1754 92 32 rückt
721 1756 65 31 und
816 1756 131 32 Fenster
975 1756 80 31 nach
1085 1755 55 31 der
1170 1754 181 36 Grenzgeite
1381 1767 37 22 zu

184 1809 115 40 anlegt,
324 1808 64 31 und
414 1808 131 31 welcher
569 1808 116 31 mithin
710 1810 67 31 Sein
801 1803 206 48 gegetzliches
1032 1808 100 32 Recht
1156 1817 55 22 aus
1237 1808 17 40 S
1275 1811 61 31 139
1363 1811 53 34 cit.

184 1854 137 47 verliert,
346 1862 88 31 nicht
457 1862 69 31 blos
552 1862 98 31 Selbst
679 1872 38 22 an
749 1864 50 32 die
823 1863 175 32 Vorschrift
1028 1862 53 31 des
1113 1861 16 40 8
1157 1864 61 29 139
1251 1863 166 40 gebunden

184 1917 111 39 bleibt,
314 1916 133 31 Sondern
471 1915 156 31 nunmehr
644 1926 91 31 80gar
759 1918 67 31 drei
842 1918 80 31 Fuss
939 1927 59 22 von
1024 1915 102 32 Seiner
1142 1914 120 34 Grenze
1288 1920 130 32 zurück-

184 1971 135 39 bleiben,
345 1970 64 31 also
428 1968 49 32 die
502 1967 60 44 1"?
582 1969 89 41 Fuss,
696 1972 117 31 welche
830 1982 38 21 zu
885 1972 70 31 dem
971 1968 212 33 Interstitium
1200 1969 55 33 der
1270 1965 148 41 Nachbar

184 2025 87 32 hätte
300 2023 158 41 hergeben
487 2025 137 38 müssen,
660 2026 156 31 nunmehr
845 2025 79 31 auch
953 2024 79 31 noch
1063 2033 60 21 von
1152 2024 119 32 Seinem
1306 2027 111 32 Grund

183 2079 65 31 und
272 2078 108 32 Boden
405 2077 109 42 opfern
540 2096 40 3 --
607 2078 38 32 ef.
664 2079 243 34 Striethorst
934 2078 94 32 Arch.
1057 2078 92 34 Band
1168 2080 96 33 10-8.
1284 2083 63 30 249
1373 2099 42 5 -

184 2133 64 32 und
273 2133 70 31 dass
369 2142 33 21 er
426 2131 180 32 ausserdem
630 2133 58 31 mit
713 2134 118 39 Seinem
847 2135 68 31 Bau
940 2133 79 31 noch
1044 2142 33 21 80
1101 2133 72 32 weit
1197 2135 218 32 zurücktreten

183 2197 97 30 muss,
308 2188 70 30 dass
405 2187 54 30 der
484 2186 145 32 Nachbar
653 2198 54 21 aus
740 2184 105 36 Seinen
877 2188 153 31 Fenstern
1060 2187 61 31 den
1150 2188 141 33 Himmel
1320 2188 95 32 Sehen
