1564 2357
275 724 54 54 Es
347 747 103 32 dürfte
468 748 124 32 Keinem
609 747 227 41 Widerspruch
853 747 172 41 begegnen,
1049 755 89 22 wenn
1155 745 55 32 wir
1226 745 191 47 behaupten,

186 806 70 30 dass
282 806 117 42 wenige
424 807 260 40 Bestimmungen
713 816 130 22 unserer
868 805 232 32 Gesetzbücher
1132 815 32 21 80
1194 805 63 31 viel
1281 806 135 42 Zweifel,

185 859 158 39 Prozesse,
370 860 66 31 Sich
466 860 288 41 widersprechende
783 859 275 41 Entscheidungen
1090 859 54 31 der
1175 857 146 34 Gerichte
1352 863 66 31 und

185 913 163 31 erbitterte
373 914 242 30 Feindschaften
643 914 94 30 unter
767 913 60 31 den
856 913 146 31 Parteien
1032 912 242 41 hervorgerufen
1302 914 114 42 haben,

184 965 55 31 wie
265 966 49 31 die
339 965 38 41 88
406 968 61 29 142
492 967 64 31 und
584 969 61 30 143
670 967 49 31 tit.
755 969 9 28 8
790 966 57 31 Th.
873 966 24 31 1.
926 966 35 31 A.
986 966 89 31 L.-R.

274 1020 134 31 Ungeres
434 1021 171 31 Erachtens
630 1021 79 40 liegt
733 1021 55 30 der
806 1019 111 31 Grund
941 1019 98 39 darin,
1066 1020 70 30 dass
1155 1020 50 30 die
1222 1020 194 34 Redactoren

186 1074 32 30 in
244 1073 167 32 dengelben
429 1085 59 21 von
514 1075 59 31 den
598 1073 196 32 natürlichen
811 1072 294 41 Rechtsprinzipien
1130 1073 199 41 abgewichen
1348 1077 69 32 Sind

186 1128 66 30 und
277 1128 181 31 ausgerdem
481 1128 100 31 ihrem
595 1126 169 32 Gedanken
789 1125 91 31 einen
903 1126 88 31 nicht
1015 1127 165 40 genügend
1204 1128 108 33 klaren
1336 1130 81 32 Aus-

186 1181 98 31 druck
307 1182 139 40 gegeben
469 1181 112 31 haben.

274 1234 89 31 Nach
391 1233 197 32 vatürlichen
612 1232 326 41 Rechtsgrundsätzen
964 1233 43 31 ist
1032 1234 55 31 der
1110 1234 229 42 Eigenthümer
1363 1239 54 30 des

186 1287 108 32 Grund
308 1286 65 31 und
387 1286 123 31 Bodens
525 1286 81 31 auch
618 1286 226 41 Eigenthümer
857 1287 53 31 des
924 1288 78 31 über
1015 1288 180 32 demselben
1209 1290 208 34 befindlichen

184 1339 209 39 Luftraumes,
412 1339 64 32 al80
498 1340 80 32 nach
600 1340 71 32 dem
696 1339 185 41 Grundsatz,
905 1341 52 41 qui
975 1351 55 22 uo
1043 1342 72 40 jure
1132 1343 111 40 utitur,
1261 1345 157 33 neminem

185 1393 108 41 laedit,
319 1393 79 32 auch
424 1394 82 33 dann
529 1395 188 42 berechtigt,
743 1396 171 32 denselben
937 1396 59 32 mit
1013 1395 174 34 Gebäuden
1211 1399 205 42 auszufüllen,

184 1457 89 22 wenn
303 1448 55 31 der
386 1448 145 33 Nachbar
562 1450 139 32 dadurch
732 1450 141 32 Schaden
904 1450 105 32 leidet.
1058 1451 78 31 Will
1161 1451 102 32 dieser
1287 1453 132 33 Fenster

185 1502 81 31 nach
289 1502 153 32 fremdem
459 1503 110 32 Grund
593 1504 64 31 und
675 1505 108 31 Boden
807 1504 55 31 hin
886 1505 112 40 haben,
1024 1514 33 22 80
1081 1505 98 31 ist'
1153 1502 31 46 es
1205 1505 84 31 Seine
1308 1506 108 42 Sache,

184 1555 96 33 ihnen
304 1557 99 31 durch
419 1557 126 31 Erwerb
571 1558 53 31 des
641 1559 207 40 Eigenthums
875 1559 53 31 des
947 1560 77 31 dazu
1047 1559 240 40 nothwendigen
1300 1560 117 34 Raums

185 1610 75 31 oder
277 1610 85 32 einer
380 1610 141 31 Servitut
537 1610 54 32 das
610 1611 219 33 erforderliche
846 1613 94 32 Licht
956 1624 37 21 zu
1010 1613 133 32 Sichern.
1191 1613 65 31 Der
1271 1613 147 35 Nachbar

184 1664 55 31 hat
257 1664 77 31 dazu
349 1664 91 31 keine
457 1664 249 41 Verpflichtung.
755 1665 39 32 So
820 1667 196 32 entscheidet
1039 1667 81 31 auch
1135 1666 116 40 Ulpian
1274 1667 33 31 in
1330 1668 50 32 lex
1398 1674 17 28 9

185 1718 66 30 und
274 1718 168 32 Marcellus
466 1718 33 31 in
523 1718 49 31 lex
600 1721 38 29 10
664 1719 27 30 D
717 1719 37 31 de
780 1721 106 31 Sexrvit.
911 1721 104 40 praed.
1041 1721 70 30 urb.
1136 1720 45 40 (8,
1209 1719 42 42 2).

274 1771 64 32 Das
367 1771 37 32 A.
429 1771 88 32 L.-R.
547 1771 112 32 weicht
688 1782 55 22 aus
774 1773 149 33 Gründen
948 1774 55 31 der
1030 1773 197 32 natürlichen
1251 1774 166 42 Billigkeit

185 1835 60 22 von
269 1825 107 32 diesen
401 1825 217 32 Grundsätzen
643 1825 48 40 ab,
716 1826 106 32 indem
848 1837 31 22 es
904 1827 71 32 dem
1000 1826 253 41 Grundbegitzer,
1285 1828 56 41 der
1365 1840 51 22 zu-

184 1879 91 41 fällig
299 1880 104 30 zuerst
427 1878 116 42 gebaut
573 1878 66 31 und
666 1879 133 33 Fenster
827 1881 80 42 nach
938 1881 53 31 des
1020 1880 162 32 Nachbars
1214 1880 203 36 Grundstück

185 1933 145 42 angelegt
342 1933 75 39 Hat,
443 1932 80 32 nach
539 1932 120 32 Ablauf
678 1943 61 22 von
766 1938 38 29 10
818 1936 118 31 Jahren
960 1935 67 31 eine
1053 1934 60 31 den
1137 1934 117 32 andern
1270 1936 147 34 Nachbar

185 1987 118 31 Schwer
332 1986 181 32 belastende
543 1986 234 41 Legalservitut
807 1989 165 39 einräumt,
1008 1997 62 22 was
1101 1988 314 35 Selbstverständlich

184 2050 54 22 zur
263 2041 143 41 grögsten
430 2040 98 31 Härte
553 2049 98 32 gegen
675 2041 153 33 letzteren
851 2042 111 31 führen
986 2041 92 31 kann.
1377 2058 36 26 NEE
1523 2084 3 4 :

272 2095 74 31 Man
372 2093 124 32 streitet
521 2093 77 31 über
626 2094 60 32 den
710 2096 246 41 Erwerbsgrund
986 2094 102 32 dieser
1113 2094 149 34 Servitut.
1309 2086 229 55 Koh

184 2148 98 32 findet
311 2149 32 31 in
373 2149 55 31 der
457 2147 220 42 zehnjährigen
707 2151 85 31 Frist
821 2151 68 31 eine
913 2148 276 43 Erklärungsfrist,
1215 2153 80 30 nach
1319 2153 108 41 deren

184 2201 120 32 Ablauf
330 2206 224 37 angenommen
583 2202 111 41 werde,
730 2204 70 31 dass
832 2204 54 31 der
914 2202 152 32 belastete
1100 2203 227 42 Eigenthümer
1355 2205 59 31 mit
