1553 2357
718 50 154 29 WARE
793 50 10 29 €
818 50 54 29 HE

271 147 92 31 Diese
388 145 274 41 Unterscheidung
687 146 121 30 Scheint
830 155 57 21 uns
912 145 102 31 weder
1037 146 59 31 mit
1120 149 58 30 den
1202 151 129 31 Worten
1357 153 53 30 des

181 201 162 38 Gegetzes,
374 199 79 31 noch
482 198 59 31 mit
571 198 67 31 den
654 199 155 46 Motiven,
839 198 80 31 noch
946 198 59 31 mit
1028 199 56 31 der
1106 200 102 33 Natur
1233 204 55 31 der
1313 205 97 32 Sache

179 255 172 31 vereinbar.

268 309 59 30 Die
351 307 109 32 Worte
485 306 53 31 des
563 305 17 40 S
609 307 60 30 143
699 305 57 39 „in
775 306 118 31 diesem
917 306 86 31 Fall“
1031 306 122 32 können
1179 310 67 31 gich
1275 322 60 20 nur
1359 313 56 31 auf

178 359 112 34 beide
321 361 290 39 Vorausgetzungen
642 359 53 32 des
726 359 17 40 S
776 362 63 29 142
868 360 163 39 beziehen,
1062 360 87 32 nicht
1178 362 68 32 blos
1278 365 56 31 auf
1360 366 48 31 die

178 416 97 39 erste,
307 416 70 31 dass
408 415 49 31 die
481 414 131 31 Venster
641 413 95 31 Schon
768 416 38 28 10
832 413 94 31 Jahre
956 414 178 32 vorhanden
1165 416 67 31 Sein
1255 420 152 37 müssten,

177 470 39 30 da
251 470 88 30 Sonst
366 470 87 30 hätte
484 468 109 40 gesagt
621 466 123 31 werden
779 470 127 27 müssen
940 467 52 41 „in
1022 468 128 40 jenem
1180 470 116 32 Falle“.
1349 473 58 32 Die

177 523 253 39 Voraussetzung
454 522 53 30 des
532 520 273 32 Vorhandengeins
831 520 55 32 der
909 520 131 32 Fenster
1064 523 147 32 verstand
1236 524 67 32 Sich
1327 527 81 30 auch

176 586 76 31 ganz
277 586 58 26 von
361 575 111 39 Selbst,
498 574 102 31 zumal
624 574 55 31 der
702 574 17 41 S8
748 576 77 29 144:

337 628 76 31 Sind
437 629 90 31 aber
544 629 49 31 die
610 629 132 31 Fenster
758 629 54 31 des
829 629 159 31 Nachbars
1006 630 96 30 noch
1125 631 109 31 nicht
1255 635 37 29 10
1311 633 95 32 Jahre

335 683 178 32 vorhanden
537 702 43 4 --

175 738 96 31 Schon
287 737 141 32 deutlich
445 748 102 31 genug
564 738 197 39 ausdrückte,
787 738 70 30 dass
883 738 55 30 der
955 737 17 40 S8
995 740 58 30 143
1072 747 59 21 von
1149 737 71 32 dem
1237 739 168 41 entgegen-

174 792 159 40 gegetzten
358 792 68 31 Fall
444 792 138 41 Spreche.
630 792 148 40 Dagegen
800 801 61 22 war
886 801 42 30 es,
954 801 88 21 wenn
1066 791 78 31 auch
1169 791 88 32 nicht
1280 793 126 34 absolut

174 845 214 41 nothwendig,
420 846 39 31 da
490 846 95 31 chon
620 855 54 21 aus
705 846 85 38 dem,
820 845 43 31 im
893 846 16 40 38
944 847 59 30 143
1034 845 174 41 gewählten
1238 846 167 46 Ausdruck

175 897 188 39 „Gebäude“
379 898 106 41 folgte,
504 900 81 36 dass,
600 898 101 31 dieser
718 899 179 40 Paragraph
909 899 32 30 in
958 898 122 32 Betreff
1089 898 55 31 der
1159 899 244 34 Behältnisse

173 950 136 32 dieselbe
321 951 253 41 Voraussetzung
590 951 88 39 habe,
697 951 55 31 wie
770 951 17 41 8
804 954 72 37 142,
895 952 78 31 doch
991 953 55 31 der
1062 956 164 37 grösgeren
1239 953 164 34 Deutlich-

171 1004 65 31 Keit
252 1014 105 31 wegen
374 1004 291 39 wünschenswerth,
689 1004 65 32 dies
771 1005 79 31 noch
867 1005 32 31 in
916 1015 75 31 ganz
1016 1005 264 42 unzweideutiger
1295 1008 107 32 Weise

170 1058 263 31 hervorzuheben.
480 1058 117 31 Diesen
621 1058 107 31 Zweck
757 1058 100 31 haben
888 1068 109 22 unsres
1021 1059 171 32 Erachtens
1219 1060 49 31 die
1292 1061 109 32 Worte

170 1112 53 31 des
249 1111 17 41 S8
294 1114 61 30 143
384 1111 52 41 „in
460 1111 100 31 diesm
583 1111 98 31 Fall.“

258 1166 63 30 Das
353 1165 223 31 Obertribunal
600 1183 41 3 --
671 1164 127 31 Entsch.
830 1165 89 31 Band
950 1168 40 30 45
1022 1166 29 32 S8.
1080 1169 49 36 68,
1158 1186 39 3 --
1222 1169 64 31 will
1315 1170 85 31 diege

169 1219 109 31 Worte
302 1228 60 21 mur
386 1218 57 31 auf
464 1217 49 31 die
538 1218 82 31 erste
645 1218 252 42 Voraussetzung
920 1220 161 37 beziehen,
1106 1221 65 31 und
1196 1222 131 32 erkennt
1351 1234 48 30 an,

167 1272 71 31 dass
268 1272 44 31 Sie
343 1272 81 30 dann
452 1271 155 31 incorrect
638 1272 65 31 Sein
734 1273 135 32 würden.
917 1274 58 30 Die
999 1274 275 42 Nothwendigkeit
1297 1277 103 32 diegser

166 1324 233 33 beschränkten
411 1324 181 42 Beziehung
615 1325 114 42 folgert
753 1336 31 21 es
810 1328 74 30 aber
900 1337 59 21 nur
983 1327 122 41 daraus,
1132 1329 68 31 weil
1225 1330 54 31 der
1296 1331 104 33 Inhalt

166 1379 53 31 des
250 1379 17 40 S
297 1381 59 29 143
387 1379 288 43 unzweideutig
700 1381 126 41 ergebe,
858 1381 69 32 dass
959 1382 48 31 die
1033 1383 89 31 darin
1145 1383 169 41 getroffene
1339 1386 60 31 Be-

165 1433 172 42 Stimmung
354 1434 82 31 dann
449 1444 54 21 zur
515 1434 204 42 Anwendung
736 1436 144 32 kommen
897 1437 85 39 Solle,
1001 1447 88 22 wenn
1104 1437 49 31 die
1170 1438 228 34 Behälnisse

165 1488 78 31 noch
268 1488 79 31 nach
373 1488 85 32 einer
481 1490 136 31 anderen
642 1489 82 32 Seite
749 1491 55 31 hin
827 1491 131 32 Fenster
981 1491 110 31 haben.

253 1541 71 32 Wir
353 1547 166 36 vermögen
549 1544 88 31 nicht
666 1544 200 41 einzugehen,
904 1546 55 31 wie
989 1545 54 32 der
1077 1544 208 42 Gesetzgeber
1320 1548 79 32 dazu

165 1595 143 32 kommen
334 1596 101 39 Sollte,
462 1597 69 30 dem
555 1597 146 31 Nachbar
725 1598 79 40 eine,
828 1609 88 22 wenn
941 1600 80 31 auch
1044 1609 60 21 nur
1127 1600 171 41 geringere,
1324 1603 75 31 aber

164 1649 79 31 doch
273 1649 112 31 immer
414 1650 81 30 noch
531 1650 134 31 Schwere
695 1652 175 43 Belastung
904 1654 198 41 aufzulegen,
1134 1664 88 21 wenn
1252 1654 49 31 die
1331 1656 66 32 Be-

163 1703 193 31 hältnisse
381 1703 80 31 noch
484 1713 61 21 von
570 1704 85 31 einer
679 1705 135 31 anderen
839 1707 83 32 Seite
947 1708 160 31 Fenster
1130 1708 111 39 haben,
1267 1709 39 31 da
1330 1710 65 32 die-

164 1757 107 31 Selben
284 1756 83 32 dann
380 1757 89 31 mehr
480 1757 93 32 Licht
584 1758 102 31 haben
699 1762 137 37 mügsgen,
850 1761 45 31 als
909 1762 54 31 das
977 1762 43 31 im
1032 1761 17 40 8
1068 1764 60 28 142
1142 1761 253 36 charakterizirte

161 1810 176 32 Minimum.
387 1810 79 31 Dass
492 1811 16 40 S8
538 1814 59 29 143
622 1821 59 21 von
707 1812 118 33 diegem
842 1815 69 31 Fall
935 1816 127 40 spricht,
1089 1815 103 32 würde
1207 1826 54 21 aus
1276 1817 119 34 Seinem

162 1864 108 32 Inhalt
293 1864 79 31 auch
396 1873 60 22 nur
481 1864 82 32 dann
586 1866 284 44 unzweideutig
894 1869 222 41 hervorgehen,
1142 1879 87 22 wenn
1254 1871 55 32 der
1334 1873 60 32 Ge-

162 1918 159 40 Setzgeber
345 1918 67 31 Sich
437 1918 54 31 des
515 1918 182 33 Ausdrucks
725 1923 303 37 „Behältnisse“
1048 1923 129 32 bedient
1201 1925 97 32 hätte.
1347 1929 47 32 Da

160 1982 33 22 er
222 1972 74 31 aber
326 1972 82 40 Sagt:
439 1972 64 31 Hat
532 1972 33 31 in
596 1973 118 32 diesem
739 1975 69 32 Fall
832 1976 45 39 (d.
903 1977 30 31 h.
958 1986 87 22 wenn
1071 1977 49 31 die
1145 1978 247 36 Behältnisge

160 2036 58 21 von
247 2025 107 32 keiner
377 2025 135 32 anderen
543 2026 83 31 Seite
650 2027 92 33 Licht
765 2030 128 41 haben,)
924 2031 52 31 das
1009 2030 182 33 Gebäude
1222 2035 81 31 noch
1333 2046 59 21 von

159 2080 86 32 einer
275 2081 132 31 anderen
434 2079 83 32 Seite
542 2079 106 42 Licht,
680 2092 33 21 80
744 2083 122 32 Scheint
895 2094 57 22 uns
982 2084 152 32 vielmehr
1163 2089 229 42 unzweideutig

158 2144 55 22 aus
239 2135 179 32 demselben
441 2135 264 42 hervorzugehen,
731 2139 71 30 dass
829 2148 33 22 er
885 2139 107 30 nicht
1015 2148 59 21 von
1099 2139 70 32 dem
1193 2141 83 42 Fall,
1301 2153 88 22 wenn

158 2189 50 31 die
225 2189 201 32 Behältnisse
443 2198 59 22 von
519 2189 132 32 anderer
668 2192 83 32 Seite
767 2193 93 31 Licht
875 2193 112 39 haben,
1006 2193 132 32 Sondern
1156 2205 76 32 ganz
1250 2197 139 31 deutlich
