1554 2357
673 52 176 28 AEN
754 52 17 28 9
785 52 64 28 ARDEN

147 156 59 21 von
232 147 70 30 dem
327 148 314 46 entgegengesetzten
669 147 68 31 Fall
761 147 54 31 des
840 147 17 40 S8
885 149 62 29 142
974 147 134 40 Spricht/
1139 148 64 30 und
1233 148 71 31 dass
1330 148 50 31 die

146 200 142 40 Fassung
312 200 55 31 der
391 201 109 31 Worte
528 201 51 39 „in
603 201 119 30 diesem
742 200 87 31 Fall“
856 201 210 31 vollkommen
1091 201 122 31 correkt
1237 201 64 31 und
1327 201 53 32 da-

146 264 38 20 zu
207 254 163 31 bestimmt
392 254 52 40 ist,
470 255 113 40 gerade
609 253 65 31 dies
699 254 245 32 auszudrücken.

236 307 74 31 Dies
341 308 75 40 geht
440 318 64 21 nun
533 316 129 22 unseres
686 308 172 32 Erachtens
883 308 81 32 auch
987 308 69 31 klar
1086 318 55 21 aus
1173 309 54 30 der
1252 309 129 31 Weitren

147 363 201 40 Aeusgerung
361 362 138 32 Suarez
515 362 122 38 hervor,
656 361 54 31 der
727 361 49 32 die
789 372 60 21 von
866 362 59 31 den
939 361 254 41 obengedachten
1209 362 172 31 Monenten

145 417 272 41 vorgegchlagene,
443 415 80 32 nach
544 424 130 23 unserer
697 416 152 41 Meinung
864 416 34 31 in
915 416 54 31 das
988 415 111 32 Gesetz
1124 415 256 41 aufgenommene

142 471 280 39 VUnterscheidung
444 470 60 30 mit
527 469 60 31 den
611 469 132 32 Worten
767 470 122 40 billigt:

307 524 103 31 Wenn
439 524 55 31 der
523 523 146 32 Nachbar
699 523 67 31 Sich
796 523 79 32 noch
904 523 68 31 auf
992 522 138 32 andere
1154 522 71 31 Art
1248 523 133 32 helfen

306 578 112 39 kann,
456 587 32 21 80
525 577 72 31 darf
629 577 67 32 eine
733 577 104 31 blosse
866 573 317 44 Unbequemlichkeit
1219 576 75 32 oder
1330 577 49 31 ein

307 632 88 31 nicht
417 631 72 31 Sehr
505 631 245 32 beträchtlicher
765 630 170 32 Nachtheil
951 630 165 32 desSelben
1134 631 59 31 den
1210 631 171 31 Bauenden

306 686 32 30 in
364 686 70 30 dem
458 685 98 31 freien
580 685 166 31 Gebrauch
771 685 100 31 Seines
892 684 208 41 Eigenthüms
1125 684 89 31 nicht
1237 685 142 31 hindern.

235 740 139 31 Hiermit
403 740 43 31 ist
469 748 130 23 unseres
629 739 171 31 Erachtens
832 738 49 31 die
910 737 269 41 Voraussetzung,
1210 738 93 30 unter
1327 738 55 31 der

147 793 49 30 die
232 793 184 41 Auflegung
450 792 136 41 irgend
626 792 106 31 einer
766 791 248 41 Beschränkung
1050 791 54 32 des
1141 791 241 32 nachbarlichen

148 846 218 32 Grundstücks
393 847 67 31 Sich
489 846 226 40 überhaupt
744 844 223 41 rechtfertigen
983 845 91 39 lässt,
1099 845 68 31 klar
1192 845 94 31 dahin
1311 855 71 21 aus-

140 900 208 40 .gesprochen,
375 900 69 31 dass
471 900 55 31 der
542 899 142 31 Begitzer
708 899 55 31 der
779 898 172 31 verbauten
967 898 133 31 Fenster
1117 898 66 31 Sich
1206 898 44 31 im
1266 898 116 31 Noth-

148 953 137 31 Stande
310 953 155 39 befinden,
491 953 64 30 also
573 962 108 21 ausser
698 952 117 31 Stande
840 952 66 31 Sein
930 954 115 38 müsse,
1071 952 61 31 den
1147 951 235 32 verdunkelten

147 1006 278 32 Behältnissen
450 1006 100 31 durch
565 1005 113 41 irgend
698 1006 117 31 welche
832 1005 113 31 andere
970 1005 146 31 bauliche
1133 1005 249 41 Einrichtungen

147 1060 54 31 das
226 1060 215 41 nothdürftige
468 1059 159 38 Quantum
650 1059 94 31 Licht
768 1059 100 30 Selbst
890 1069 39 20 zu
954 1058 147 31 Schaffen.

236 1114 80 30 Dass
348 1113 82 31 diess
462 1113 55 31 der
546 1112 76 32 Sinn
652 1112 103 31 dieger
778 1112 110 31 Worte
917 1111 57 38 ist,
1005 1111 122 31 Scheint
1150 1121 59 21 uns
1234 1112 68 31 klar
1326 1122 55 22 aus

147 1167 61 32 den
231 1167 165 41 folgenden
422 1167 132 31 Worten
579 1166 136 32 Suarez
740 1160 269 46 hervorzugehen
994 1160 15 48 :

308 1221 103 31 Wenn
428 1221 65 31 also
511 1220 100 31 durch
635 1220 59 31 den
711 1219 127 32 Vorbau
855 1219 65 31 das
939 1218 180 32 Gebäude
1138 1219 52 31 des
1208 1218 173 41 Nachbars,

308 1275 131 31 welches
461 1275 69 40 just
553 1284 60 21 nur
637 1283 59 22 von
721 1274 102 30 dieser
848 1273 83 31 Seite
956 1273 93 31 Licht
1072 1273 65 31 und
1161 1273 131 31 PFenster
1316 1273 63 39 hat,

309 1329 181 31 demselben
519 1338 92 31 ganz
641 1328 273 31 unbrauchbar
944 1327 146 41 gemacht
1120 1327 122 31 werden
1267 1327 115 40 würde,

310 1393 32 22 80
366 1387 81 27 wäre
473 1392 31 21 es
528 1382 138 31 offenbar
689 1382 114 31 wieder
827 1381 50 31 die
901 1381 175 31 natürliche
1093 1381 175 41 Billigkeit,
1294 1391 89 21 wenn

310 1438 71 30 dem
403 1436 171 31 Bauenden
592 1436 123 31 erlaubt
732 1436 67 30 Sein
823 1435 102 38 Sollte,
950 1444 55 21 um
1030 1434 84 31 eines
1131 1431 127 34 blossen
1282 1444 102 21 neuen

308 1490 159 33 Vortheils
491 1490 121 38 willen,
643 1490 61 30 den
733 1499 34 21 er
792 1488 66 31 Sich
889 1488 100 31 durch
1012 1488 60 30 den
1096 1488 127 31 Vorbau
1248 1488 65 31 erst
1337 1498 47 21 er-

309 1545 123 32 werben
448 1545 74 40 will,
541 1545 71 31 dem
628 1543 147 32 Nachbar
792 1543 69 32 den
879 1541 205 33 Gebrauch
1102 1543 124 31 Seines
1251 1543 133 41 Eigen-

310 1600 128 32 thums
470 1609 91 31 ganz
592 1608 43 21 zu
663 1593 219 36 benehmen.
930 1596 67 32 Auf
1022 1596 85 32 diese
1139 1597 59 31 Art
1227 1597 77 31 wird
1329 1597 54 30 das

309 1654 148 42 gehörige
488 1653 241 40 Temperament
758 1652 167 41 getroffen;
957 1651 49 32 die
1037 1652 118 31 Rechte
1187 1651 53 31 des
1272 1651 113 40 Ligen-

309 1709 141 30 thümers
467 1707 123 31 werden
616 1715 36 22 80
669 1707 122 40 wenig
815 1707 56 31 als
888 1706 167 40 möglich
1073 1705 311 41 eingeschränkt,

310 1762 65 32 und
411 1771 31 22 es
473 1761 44 31 ist
546 1760 81 31 doch
656 1760 91 32 dafür
776 1761 142 40 gesorgt,
950 1760 71 31 dass
1052 1759 103 31 Solche
1185 1758 90 32 nicht
1304 1768 82 21 zum

310 1816 228 42 gänzlichen
554 1814 97 32 Ruin
668 1814 54 32 des
739 1814 162 32 Nachbars
919 1813 315 41 gemissbraucht
1250 1812 133 32 werden.

240 1871 45 31 Zu
301 1871 108 31 diegen
426 1869 139 32 Motiven
581 1867 72 32 tritt
676 1868 80 31 auch
780 1868 56 31 der
859 1877 60 23 von
943 1877 59 22 uns
1027 1867 129 32 betonte
1176 1865 210 33 Unterschied

150 1925 152 31 zwiSchen
327 1925 59 31 den
410 1923 228 33 verdunkelten
661 1921 282 32 Behältnissgen
966 1922 66 31 und
1056 1922 70 30 dem
1151 1930 145 32 ganzen
1321 1919 66 31 Ge-

149 1979 124 31 bäude
303 1979 69 31 klar
399 1979 122 31 hervor.
573 1977 104 32 Wenn
707 1976 60 31 den
795 1976 226 31 verdunkelten
1050 1974 225 33 Behältnissen
1307 1973 80 30 noch

150 2031 56 33 auf
227 2032 113 32 andere
363 2020 58 44 Art
444 2032 93 31 Licht
560 2030 154 43 geschafft
735 2030 124 31 werden
883 2030 93 39 kann,
1002 2039 33 22 80
1059 2029 81 32 fehlt
1164 2038 31 22 es
1221 2037 41 22 an
1286 2027 101 31 einem

149 2086 206 39 Nothstande,
383 2096 31 22 es
439 2087 83 31 kann
539 2086 64 31 also
620 2095 60 21 von
698 2084 86 32 einer
799 2083 284 42 Nothwendigkeit,
1110 2083 54 31 das
1181 2081 77 43 freie
1274 2081 121 40 Eigen--

150 2142 92 32 thum
271 2151 37 21 zu
336 2141 231 39 begechränken,
597 2139 90 32 keine
717 2138 86 32 Rede
834 2139 77 31 Sein.
965 2138 60 32 Ein
1058 2137 121 32 wahrer
1207 2135 181 32 Nothstand

150 2195 79 42 liegt
258 2195 98 31 Selbst
386 2195 82 31 dann
492 2195 88 31 nicht
602 2204 70 29 vor,
702 2203 90 21 wenn
822 2193 68 31 blos
924 2192 161 32 einzelnen
1110 2189 197 33 Gemächern
1331 2190 56 32 das
