1554 2357
675 56 17 28 17.
698 56 42 28 28
758 56 72 28 MSN

136 151 92 39 kann,
253 150 71 31 falls
351 161 34 21 er
409 151 109 31 Seinen
541 151 69 31 Bau
640 150 89 32 nicht
757 151 165 31 innerhalb
957 153 38 29 10
1021 151 96 31 Jahre
1148 151 79 31 nach
1250 150 120 41 Anlage

137 204 55 32 der
215 204 132 32 Fenster
371 204 149 40 aufführt,
545 214 61 21 was
629 204 67 31 ihm
718 204 71 31 Sehr
805 205 188 40 unbequem,
1015 205 34 39 ja
1064 204 94 32 unter
1174 204 196 32 Umständen

136 268 76 31 ganz
237 258 223 41 unmöglich
487 257 67 32 Sein
577 257 92 31 kann.

225 312 80 31 Dass
336 311 65 32 dies
433 311 68 32 eine
527 311 72 31 Sehr
629 311 139 31 anomale
798 311 66 31 und
894 311 153 40 unbillige
1072 311 174 41 Belastung
1273 311 98 32 freien

136 365 173 41 Eigenthus
340 366 53 39 ist,
429 364 76 32 wird
537 364 82 31 wohl
648 364 87 32 nicht
764 365 33 30 in
827 365 123 31 Abrede
981 375 37 21 zu
1049 364 113 32 stellen
1193 365 76 39 8ein,
1306 365 64 30 und

135 419 209 32 vollkommen
367 419 59 31 mit
442 418 102 31 Recht
566 417 43 32 ist
633 417 54 32 das
707 418 224 32 Obertribunal
952 418 34 31 in
1003 418 71 31 dem
1089 418 280 32 Plenarbeschluss

135 483 72 21 vom
225 476 29 29 9.
272 473 174 31 December
465 474 84 30 1839
568 472 100 32 davon
690 482 229 31 ausgegangen,
944 473 71 31 dass
1040 472 50 31 ein
1113 472 121 31 Solches
1258 472 112 31 Gegetz

136 537 38 21 zu
192 526 145 32 Gunsten
354 526 54 31 des
425 526 177 31 belasteten
619 526 242 40 Eigenthümers
880 525 199 33 strictissime
1097 536 37 21 zu
1149 525 222 40 interpretiren

135 581 53 32 ist.
237 580 38 32 In
299 580 157 41 gleichem
480 580 142 39 vStreben,
654 580 49 31 die
727 580 99 31 Härte
852 580 52 31 des
930 579 147 32 Gessatzes
1104 590 37 21 zu
1165 579 145 40 mildern,
1336 588 33 21 80

137 634 71 32 weit
225 644 31 22 es
274 634 113 41 irgend
403 634 57 31 der
472 634 161 31 Wortlaut
649 634 129 38 zulässt,
792 633 56 31 hat
864 633 54 31 das
937 633 225 31 Obertribunal
1177 633 34 31 in
1222 633 149 41 Jüngster

137 689 69 31 Zeit
236 688 213 40 entschieden,
487 688 71 31 dass
591 697 31 22 es
653 690 131 38 genüge,
816 697 88 23 wenn
934 687 55 31 der
1016 686 268 32 Fensterbegitzer
1314 697 55 21 aus

136 742 112 41 irgend
273 742 104 32 einem
402 741 93 32 Theil
519 741 54 32 des
598 741 147 31 Fensters
770 740 34 32 in
830 741 55 31 der
908 740 251 42 unbequemsten
1182 740 84 41 Lage
1291 740 80 31 auch

136 805 60 21 nur
219 795 60 32 mit
302 795 111 32 Einem
438 794 89 42 Auge
552 794 62 31 den
637 793 140 32 Himmel
801 804 38 21 zu
863 794 160 32 erblicken
1047 799 156 37 vermöge.

226 849 206 40 Dernburg
467 848 169 31 Lehrbuch
671 847 17 40 8
715 850 62 28 221
821 847 80 31 Note
929 850 38 29 10
999 848 161 40 bekämpft
1184 848 85 32 diese
1294 848 76 31 Ent-

138 902 223 41 Scheidungen,
399 903 74 31 aber
508 911 129 22 ungeres
673 901 171 32 Erachtens
880 901 60 31 mit
975 901 149 32 Unrecht.
1173 901 108 32 Zweck
1316 901 54 31 des

138 955 146 33 Gegetzes
308 956 43 31 ist
374 955 98 40 nicht,
499 955 70 32 dass
596 955 56 32 der
675 954 267 33 Fensterbesitzer
970 954 33 32 in
1032 955 169 40 bequemer
1226 954 145 41 Stellung

137 1010 72 30 den
238 1008 169 32 Himmel
438 1008 116 32 gehen
584 1007 139 41 könne,
757 1008 134 32 Sondern
927 1008 87 32 dass
1049 1007 78 32 ihm
1162 1008 67 31 das
1265 1008 106 31 noth-

137 1063 174 40 dürftige
336 1062 193 38 Quantum
552 1071 70 22 von
645 1061 117 32 Licht
786 1061 145 39 bleibe,
955 1071 61 21 was
1041 1061 56 31 der
1120 1061 70 31 Fall
1212 1061 52 39 ist,
1282 1070 89 22 wenn

136 1116 81 31 noch
239 1115 112 42 irgend
371 1115 115 32 welche
510 1115 34 31 in
567 1115 166 31 verticaler
749 1114 160 40 Richtung
932 1113 185 32 kommende
1134 1113 235 32 Lichtstrahlen

137 1170 50 31 die
219 1169 154 31 Scheiben
403 1168 280 32 durchschneiden.
743 1167 111 31 Dieser
889 1166 119 32 Beweis
1038 1167 44 31 ist
1110 1166 136 41 geführt,
1283 1176 88 21 wenn

137 1233 72 22 man
233 1223 81 31 auch
337 1232 60 21 nur
420 1222 60 32 mit
503 1224 112 31 Einem
638 1223 89 40 Auge
753 1221 60 31 den
837 1220 138 33 Himmel
1000 1221 158 32 erblicken
1181 1220 92 32 kann.
1311 1219 59 32 Die

136 1277 214 40 Abweichung
375 1276 55 32 der
455 1277 138 32 Sehlinie
622 1277 80 31 nach
726 1276 71 32 dem
828 1274 140 33 Himmel
998 1285 60 22 von
1088 1275 56 32 der
1172 1275 199 32 lothrechten

137 1331 164 32 bestimmt
331 1331 60 32 den
421 1332 136 42 Umfang
587 1332 54 32 der
676 1331 175 41 Belastung
879 1330 65 32 und
974 1329 54 32 des
1065 1329 175 39 Quantums
1265 1329 103 40 Licht,

138 1385 129 32 welches
304 1386 71 31 dem
410 1387 225 41 Berechtigten
674 1385 182 33 verbleiben
891 1393 100 23 muss.
1036 1383 59 31 Die
1131 1384 59 31 Art
1226 1384 55 31 der
1315 1384 56 31 Er-

137 1439 170 41 mittelung
337 1440 164 33 derselben
530 1440 173 40 unterliegt
733 1439 96 31 daher
859 1437 81 32 auch
969 1436 55 32 der
1060 1436 97 41 Regel
1193 1437 179 31 striktester

137 1493 247 42 Interpretation
408 1505 36 21 zu
470 1494 144 32 Gunsten
638 1494 54 31 des
716 1492 178 32 belasteten
918 1490 218 42 Eigenthums.

229 1548 95 32 Diege
342 1548 161 32 strikteste
516 1547 246 42 Interpretation
775 1556 86 22 muss
876 1544 314 34 Selbstverständlich
1202 1544 169 33 besonders

138 1603 52 32 bei
213 1602 144 41 Prüfung
382 1602 67 32 der
472 1603 99 40 Frage
598 1602 164 39 eintreten,
788 1601 94 32 unter
911 1600 138 32 welchen
1079 1599 292 41 Voraussetzungen

139 1658 55 31 der
209 1656 268 32 Fensterbegitzer
501 1656 81 32 denn
599 1656 221 41 überhaupt
844 1655 68 32 eine
929 1653 248 41 Beschränkung
1201 1653 54 31 des
1269 1653 104 32 Nach-

138 1712 72 31 bars
234 1710 34 32 in
292 1710 169 42 Anspruch
484 1711 135 32 nehmen
643 1710 91 32 kann.
783 1710 65 31 Aus
874 1709 55 31 der
945 1708 102 32 Natur
1064 1707 55 31 der
1136 1707 97 31 Sache
1251 1707 123 41 ergiebt

139 1765 76 40 Sich,
242 1764 71 32 dass
338 1764 108 33 hierzu
475 1765 45 31 als
552 1765 97 31 erstes
675 1763 214 32 Erforderniss
920 1760 182 42 aufgestellt
1126 1760 124 32 werden
1274 1770 97 29 muss,

140 1819 70 31 dass
237 1828 33 22 er
300 1818 67 32 Sich
395 1819 45 31 im
468 1817 251 33 Nothstande
748 1817 146 31 befinden
922 1819 115 38 müsge,
1068 1815 65 32 und
1157 1814 66 33 dies
1248 1815 43 31 ist
1314 1824 60 21 nur

140 1872 82 31 dann
258 1873 56 31 der
348 1873 79 40 Fall,
463 1882 90 22 wenn
583 1881 33 22 er
646 1871 55 31 das
732 1871 171 40 gegetzlich
932 1870 150 33 normirte
1116 1868 170 32 Minimum
1313 1877 61 22 von

135 1925 97 46 Licht
254 1926 88 32 nicht
365 1926 89 32 mehr
476 1926 57 32 hat
555 1925 66 32 und
646 1934 32 22 es
704 1924 67 31 Sich
801 1925 79 31 auch
910 1925 79 31 ohne
1020 1924 72 32 Sehr
1121 1922 253 33 beträchtlichen

138 1979 154 32 Aufwand
320 1980 89 32 nicht
437 1990 38 22 zu
504 1978 195 34 verschaffen
727 1977 45 32 im
802 1978 115 32 Stande
947 1979 52 31 ist.
1047 1978 91 31 Denn
1163 1976 85 32 Seine
1274 1975 98 32 Sache

137 2033 43 32 iSt
210 2042 32 22 es
272 2033 65 32 und
365 2034 89 32 nicht
483 2034 49 31 die
563 2034 54 32 des
648 2032 173 40 Nachbars,
853 2033 107 32 geinen
992 2032 195 32 Gemächern
1217 2029 95 32 Licht
1336 2039 37 22 zu

137 2087 204 41 verschaffen,
360 2087 68 32 eine
452 2086 320 43 unentgeltliche
793 2086 249 41 Beschränkung
1066 2086 53 31 des
1145 2083 98 32 freien
1260 2083 114 41 Eigen-

137 2142 108 32 thums
277 2140 100 33 dieges
407 2142 81 31 lässt
517 2141 67 32 Sich
614 2141 96 31 daher
743 2149 60 22 nur
832 2141 93 31 unter
954 2141 96 40 jenen
1079 2138 294 41 Voraussetzungen

137 2194 236 41 rechtfertigen.
1236 2188 2 2 :
