1553 2357
681 65 715 69 eg
748 49 852 78 ee

155 152 228 181 aber
244 150 276 180 in
294 149 395 181 einem
406 146 716 189 verhängnissvollen
732 144 872 175 Irrthum
886 142 1054 173 befunden.
1096 144 1164 175 Ihm
1178 145 1233 177 hat
1247 148 1385 179 offenbar

155 204 204 235 die
234 203 445 244 gewöhnliche
475 200 696 235 Construktion
727 198 810 229 eines
840 197 963 228 Hauses
992 197 1058 227 und
1087 197 1199 230 dessen
1231 201 1385 232 einzelner

155 258 263 290 Theile
288 257 352 288 und
377 257 432 288 der
454 257 523 288 Fall
545 252 788 295 vorgeschwebt,
820 260 908 282 wenn
933 249 982 281 die
1006 250 1137 282 Fenster
1161 253 1327 286 desselben
1352 265 1384 287 80

156 311 346 352 vollständig
371 311 470 342 durch
495 311 554 341 den
581 308 615 339 in
644 306 789 347 geringer
816 304 1013 344 Entfernung
1043 304 1137 336 davor
1166 307 1386 348 aufgeführten

154 367 288 399 Neubau
322 366 455 397 verbaut
491 363 569 400 Sind,
607 362 676 392 dass
708 358 877 390 denselben
907 367 967 389 nur
991 359 1068 390 über
1092 359 1151 390 den
1177 361 1271 392 obern
1295 361 1386 394 Rand

157 419 322 451 desSelben
346 429 412 461 weg
436 418 529 450 Licht
551 416 584 447 in
608 412 773 445 verticaler
795 411 955 452 Richtung
979 412 1157 444 zuströmen
1180 413 1272 445 kann.
1303 415 1385 447 Dass

157 474 210 505 das
235 475 330 506 unter
354 474 460 504 diesen
484 467 680 502 Umständen
704 466 776 496 dem
804 464 943 496 Gemach
973 466 1195 498 zukommende
1226 467 1385 506 Quantum

154 528 248 560 Licht
271 537 331 559 nur
355 527 406 558 ein
430 524 516 555 Sehr
540 520 718 561 geringes
744 518 811 550 Sein
834 518 926 558 kann,
944 519 1022 560 liegt
1046 520 1102 552 auf
1122 521 1177 552 der
1201 522 1303 561 Hand,
1321 524 1386 555 und

156 583 237 613 dies
263 578 452 617 Quantum
475 575 542 606 hat
566 583 604 605 er
627 582 785 604 unseres
810 572 1025 605 Erachtens
1056 575 1111 606 als
1143 575 1207 607 das
1239 578 1386 618 gegetz-

155 633 259 664 liche
283 630 484 662 Minimum
508 627 703 660 normiren
726 627 871 660 wollen.

246 686 340 718 Diese
369 684 586 717 Verhältnisse
614 683 737 715 werden
766 683 845 715 auch
881 682 1023 725 zugleich
1051 682 1100 714 die
1135 683 1293 725 geringste
1325 686 1386 717 Be-

156 742 284 784 lastung
308 741 361 773 des
385 738 743 781 Nachbargrundstücks
768 738 933 780 bedingen,
952 737 991 770 da
1014 737 1098 770 diese
1124 737 1387 771 Selbstverständ-

158 797 222 829 lich
246 806 306 828 von
331 796 385 827 der
408 794 578 836 möglichst
608 793 789 835 geringsten
812 793 1026 833 Abweichung
1056 792 1110 824 der
1140 792 1277 824 Sehlinie
1307 794 1386 825 nach

156 852 227 881 dem
256 850 396 881 Himmel
419 859 480 880 von
511 850 565 881 der
594 856 695 887 genau
722 847 919 878 lothrechten
949 848 1095 888 abhängt.
1144 847 1222 879 Jene
1248 847 1385 880 Sehlinie

155 902 237 932 kann
262 902 329 932 eine
355 910 456 941 genau
480 899 653 930 lothrechte
677 898 808 928 niemals
834 899 910 937 Sein,
937 900 976 931 da
1007 901 1051 932 8ie
1076 902 1112 941 ja
1140 901 1189 933 die
1221 902 1387 934 Senkrecht

159 953 329 987 Stehenden
360 952 512 983 Scheiben
542 951 595 982 des
626 950 772 981 Fensters
803 951 971 983 Schneiden
999 963 1097 984 muss.
1144 955 1233 986 Nach
1258 956 1313 987 der
1336 966 1387 987 zu-

156 1007 330 1041 treffenden
360 1005 493 1036 Ansicht
528 1005 581 1037 des
614 1003 851 1035 Obertribunals
887 1014 973 1035 muss
1010 1006 1055 1036 gie
1089 1006 1123 1037 in
1158 1008 1244 1038 einer
1272 1009 1387 1040 Fläche

156 1064 269 1103 liegen,
296 1060 410 1092 welche
435 1070 474 1092 an
499 1060 570 1091 dem
586 1059 701 1098 Punkt,
727 1069 771 1090 wo
798 1058 842 1090 Sie
867 1058 916 1090 die
934 1058 1088 1090 Scheiben
1113 1059 1386 1100 durchgchneidet,

156 1115 316 1148 lothrecht
339 1115 394 1148 auf
414 1115 575 1150 letzteren,
587 1114 680 1147 Steht.
1307 1144 1310 1145 :

246 1171 283 1203 Je
309 1171 453 1211 geringer
476 1179 540 1200 nun
566 1169 615 1199 die
639 1168 853 1209 Abweichung
882 1169 937 1200 der
961 1168 1098 1200 Sehlinie
1123 1177 1183 1199 von
1207 1167 1262 1199 der
1286 1178 1387 1209 genau

154 1224 353 1253 lothrechten
387 1222 440 1259 ist,
477 1231 530 1251 um
567 1230 600 1251 80
634 1221 779 1262 geringer
811 1232 898 1253 muss
935 1223 1015 1254 auch
1045 1223 1094 1254 die
1129 1222 1303 1263 Belastung
1332 1223 1386 1255 des

154 1273 511 1314 Nachbargrundstücks
542 1273 618 1310 Sein,
649 1273 688 1304 da
718 1274 773 1304 der
801 1274 935 1304 Neubau
963 1275 1047 1306 dann
1075 1287 1130 1307 um
1160 1286 1192 1307 80
1222 1276 1319 1307 näher
1347 1287 1386 1308 an

156 1331 211 1361 das
236 1326 385 1360 Gebäude
410 1325 539 1367 gerückt
563 1326 628 1357 und
650 1335 705 1357 um
730 1336 763 1357 80
787 1326 885 1358 höher
909 1327 1035 1367 geführt
1050 1329 1172 1360 werden
1197 1330 1289 1368 kann,
1307 1330 1386 1362 ohne

156 1383 205 1414 die
231 1381 368 1413 Sehlinie
393 1391 430 1413 zu
454 1381 619 1413 berühren.

244 1437 317 1469 Nun
341 1436 420 1479 liegt
444 1437 518 1469 aber
547 1436 603 1469 auf
629 1436 683 1468 der
713 1436 814 1477 Hand,
841 1436 922 1475 dass,
947 1445 1035 1467 wenn
1071 1435 1126 1467 der
1161 1436 1296 1469 Anblick
1332 1439 1386 1470 des

155 1493 310 1524 Himmels
336 1492 545 1533 unbedingtes
569 1491 783 1524 Erforderniss
809 1492 862 1523 des
889 1490 1034 1523 Gegsetzes
1058 1494 1149 1530 wäre,
1181 1501 1212 1522 es
1243 1502 1302 1524 von
1333 1493 1387 1524 der

155 1545 294 1574 Willkür
310 1545 364 1574 des
381 1545 623 1583 Eigenthümers
642 1546 695 1577 des
712 1546 942 1578 herrschenden
955 1545 1077 1577 Hauses
1088 1544 1258 1586 abhängen
1271 1547 1386 1587 würde,

156 1597 253 1630 durch
284 1596 540 1637 ungewöhnliche
566 1597 790 1630 Construktion
820 1601 984 1632 desgelben
1015 1599 1064 1630 die
1088 1598 1302 1640 Abweichung
1332 1601 1387 1632 der

156 1652 293 1684 Sehlinie
317 1660 377 1682 von
407 1649 462 1680 der
490 1649 687 1681 lothrechten
716 1651 764 1682 bis
795 1663 849 1685 zur
877 1654 1089 1686 horizontalen
1113 1664 1150 1684 zu
1173 1658 1384 1695 vergrössern,

156 1704 295 1736 dadurch
320 1706 394 1737 aber
418 1704 489 1735 dem
512 1702 855 1743 Nachbargrundstück
879 1708 928 1739 die
954 1708 1093 1740 Servitut
1116 1706 1247 1747 völliger
1268 1707 1386 1739 Ueber-

155 1758 340 1790 baubarkeit
364 1759 556 1799 aufzulegen.

243 1812 307 1842 Das
342 1813 424 1843 kann
459 1820 587 1843 unsgeres
618 1810 790 1845 Erachtens
827 1815 877 1847 die
906 1815 1041 1847 Abgicht
1075 1814 1127 1846 des
1160 1814 1384 1855 Gesetzgebers

154 1866 242 1896 nicht
270 1874 412 1905 gewesen
444 1865 524 1904 Sein,
554 1864 618 1896 und
647 1864 703 1896 wir
732 1868 857 1900 meinen
888 1869 1000 1908 daher,
1026 1869 1097 1899 dass
1123 1861 1157 1898 er
1181 1868 1299 1900 Seinem
1324 1869 1385 1901 (Ge-

155 1919 275 1951 danken
305 1918 394 1950 einen
424 1919 623 1960 unrichtigen
647 1918 813 1953 Ausdruck
836 1924 975 1964 gegeben
1002 1923 1071 1960 hat,
1100 1921 1238 1953 welchen
1261 1929 1384 1963 gemägs

154 1975 224 2006 dem
242 1972 350 2003 Zweck
367 1972 420 2003 des
439 1971 585 2004 Gesetzes
610 1982 647 2003 zu
671 1973 867 2017 berichtigen
883 1977 932 2008 die
949 1975 1134 2015 Auslegung
1151 1984 1182 2007 80
1207 1976 1386 2019 berechtigt

154 2029 209 2060 wie
236 2025 432 2065 verpflichtet
455 2025 506 2057 ist.
556 2026 592 2057 cf.
620 2025 788 2070 Savigny
811 2030 935 2071 System
958 2029 974 2060 I
998 2029 1027 2059 8.
1047 2030 1110 2060 230
1135 2028 1166 2059 ff.

242 2081 322 2113 Dem
353 2079 581 2118 entsprechend
610 2080 665 2111 hat
695 2082 748 2114 das
775 2083 998 2115 Obertribunal
1027 2082 1060 2112 in
1085 2081 1170 2113 einer
1193 2085 1382 2126 neuerdings

154 2143 350 2178 ergangenen
377 2132 616 2174 Entscheidung
639 2134 698 2166 den
727 2136 903 2168 Grundsatz
926 2145 1161 2176 angenommen,
1187 2137 1269 2177 dass,
1295 2147 1382 2170 wenn

153 2190 206 2221 das
231 2187 441 2237 herrschende
457 2187 544 2218 Haus
568 2187 629 2218 mit
652 2189 754 2221 einem
769 2189 1006 2231 ungewöhnlich
1024 2189 1096 2219 weit
1119 2190 1382 2232 überhängenden
