1554 2357
673 52 849 80 AEN
754 52 771 80 9
785 52 849 80 ARDEN

147 156 206 177 von
232 147 302 177 dem
327 148 641 194 entgegengesetzten
669 147 737 178 Fall
761 147 815 178 des
840 147 857 187 S8
885 149 947 178 142
974 147 1108 187 Spricht/
1139 148 1203 178 und
1233 148 1304 179 dass
1330 148 1380 179 die

146 200 288 240 Fassung
312 200 367 231 der
391 201 500 232 Worte
528 201 579 240 „in
603 201 722 231 diesem
742 200 829 231 Fall“
856 201 1066 232 vollkommen
1091 201 1213 232 correkt
1237 201 1301 232 und
1327 201 1380 233 da-

146 264 184 284 zu
207 254 370 285 bestimmt
392 254 444 294 ist,
470 255 583 295 gerade
609 253 674 284 dies
699 254 944 286 auszudrücken.

236 307 310 338 Dies
341 308 416 348 geht
440 318 504 339 nun
533 316 662 338 unseres
686 308 858 340 Erachtens
883 308 964 340 auch
987 308 1056 339 klar
1086 318 1141 339 aus
1173 309 1227 339 der
1252 309 1381 340 Weitren

147 363 348 403 Aeusgerung
361 362 499 394 Suarez
515 362 637 400 hervor,
656 361 710 392 der
727 361 776 393 die
789 372 849 393 von
866 362 925 393 den
939 361 1193 402 obengedachten
1209 362 1381 393 Monenten

145 417 417 458 vorgegchlagene,
443 415 523 447 nach
544 424 674 447 unserer
697 416 849 457 Meinung
864 416 898 447 in
915 416 969 447 das
988 415 1099 447 Gesetz
1124 415 1380 456 aufgenommene

142 471 422 510 VUnterscheidung
444 470 504 500 mit
527 469 587 500 den
611 469 743 501 Worten
767 470 889 510 billigt:

307 524 410 555 Wenn
439 524 494 555 der
523 523 669 555 Nachbar
699 523 766 554 Sich
796 523 875 555 noch
904 523 972 554 auf
992 522 1130 554 andere
1154 522 1225 553 Art
1248 523 1381 555 helfen

306 578 418 617 kann,
456 587 488 608 80
525 577 597 608 darf
629 577 696 609 eine
733 577 837 608 blosse
866 573 1183 617 Unbequemlichkeit
1219 576 1294 608 oder
1330 577 1379 608 ein

307 632 395 663 nicht
417 631 489 662 Sehr
505 631 750 663 beträchtlicher
765 630 935 662 Nachtheil
951 630 1116 662 desSelben
1134 631 1193 662 den
1210 631 1381 662 Bauenden

306 686 338 716 in
364 686 434 716 dem
458 685 556 716 freien
580 685 746 716 Gebrauch
771 685 871 716 Seines
892 684 1100 725 Eigenthüms
1125 684 1214 715 nicht
1237 685 1379 716 hindern.

235 740 374 771 Hiermit
403 740 446 771 ist
469 748 599 771 unseres
629 739 800 770 Erachtens
832 738 881 769 die
910 737 1179 778 Voraussetzung,
1210 738 1303 768 unter
1327 738 1382 769 der

147 793 196 823 die
232 793 416 834 Auflegung
450 792 586 833 irgend
626 792 732 823 einer
766 791 1014 832 Beschränkung
1050 791 1104 823 des
1141 791 1382 823 nachbarlichen

148 846 366 878 Grundstücks
393 847 460 878 Sich
489 846 715 886 überhaupt
744 844 967 885 rechtfertigen
983 845 1074 884 lässt,
1099 845 1167 876 klar
1192 845 1286 876 dahin
1311 855 1382 876 aus-

140 900 348 940 .gesprochen,
375 900 444 931 dass
471 900 526 931 der
542 899 684 930 Begitzer
708 899 763 930 der
779 898 951 929 verbauten
967 898 1100 929 Fenster
1117 898 1183 929 Sich
1206 898 1250 929 im
1266 898 1382 929 Noth-

148 953 285 984 Stande
310 953 465 992 befinden,
491 953 555 983 also
573 962 681 983 ausser
698 952 815 983 Stande
840 952 906 983 Sein
930 954 1045 992 müsse,
1071 952 1132 983 den
1147 951 1382 983 verdunkelten

147 1006 425 1038 Behältnissen
450 1006 550 1037 durch
565 1005 678 1046 irgend
698 1006 815 1037 welche
832 1005 945 1036 andere
970 1005 1116 1036 bauliche
1133 1005 1382 1046 Einrichtungen

147 1060 201 1091 das
226 1060 441 1101 nothdürftige
468 1059 627 1097 Quantum
650 1059 744 1090 Licht
768 1059 868 1089 Selbst
890 1069 929 1089 zu
954 1058 1101 1089 Schaffen.

236 1114 316 1144 Dass
348 1113 430 1144 diess
462 1113 517 1144 der
546 1112 622 1144 Sinn
652 1112 755 1143 dieger
778 1112 888 1143 Worte
917 1111 974 1149 ist,
1005 1111 1127 1142 Scheint
1150 1121 1209 1142 uns
1234 1112 1302 1143 klar
1326 1122 1381 1144 aus

147 1167 208 1199 den
231 1167 396 1208 folgenden
422 1167 554 1198 Worten
579 1166 715 1198 Suarez
740 1160 1009 1206 hervorzugehen
994 1160 1009 1208 :

308 1221 411 1252 Wenn
428 1221 493 1252 also
511 1220 611 1251 durch
635 1220 694 1251 den
711 1219 838 1251 Vorbau
855 1219 920 1250 das
939 1218 1119 1250 Gebäude
1138 1219 1190 1250 des
1208 1218 1381 1259 Nachbars,

308 1275 439 1306 welches
461 1275 530 1315 just
553 1284 613 1305 nur
637 1283 696 1305 von
721 1274 823 1304 dieser
848 1273 931 1304 Seite
956 1273 1049 1304 Licht
1072 1273 1137 1304 und
1161 1273 1292 1304 PFenster
1316 1273 1379 1312 hat,

309 1329 490 1360 demselben
519 1338 611 1369 ganz
641 1328 914 1359 unbrauchbar
944 1327 1090 1368 gemacht
1120 1327 1242 1358 werden
1267 1327 1382 1367 würde,

310 1393 342 1415 80
366 1387 447 1414 wäre
473 1392 504 1413 es
528 1382 666 1413 offenbar
689 1382 803 1413 wieder
827 1381 877 1412 die
901 1381 1076 1412 natürliche
1093 1381 1268 1422 Billigkeit,
1294 1391 1383 1412 wenn

310 1438 381 1468 dem
403 1436 574 1467 Bauenden
592 1436 715 1467 erlaubt
732 1436 799 1466 Sein
823 1435 925 1473 Sollte,
950 1444 1005 1465 um
1030 1434 1114 1465 eines
1131 1431 1258 1465 blossen
1282 1444 1384 1465 neuen

308 1490 467 1523 Vortheils
491 1490 612 1528 willen,
643 1490 704 1520 den
733 1499 767 1520 er
792 1488 858 1519 Sich
889 1488 989 1519 durch
1012 1488 1072 1518 den
1096 1488 1223 1519 Vorbau
1248 1488 1313 1519 erst
1337 1498 1384 1519 er-

309 1545 432 1577 werben
448 1545 522 1585 will,
541 1545 612 1576 dem
628 1543 775 1575 Nachbar
792 1543 861 1575 den
879 1541 1084 1574 Gebrauch
1102 1543 1226 1574 Seines
1251 1543 1384 1584 Eigen-

310 1600 438 1632 thums
470 1609 561 1640 ganz
592 1608 635 1629 zu
663 1593 882 1629 benehmen.
930 1596 997 1628 Auf
1022 1596 1107 1628 diese
1139 1597 1198 1628 Art
1227 1597 1304 1628 wird
1329 1597 1383 1627 das

309 1654 457 1696 gehörige
488 1653 729 1693 Temperament
758 1652 925 1693 getroffen;
957 1651 1006 1683 die
1037 1652 1155 1683 Rechte
1187 1651 1240 1682 des
1272 1651 1385 1691 Ligen-

309 1709 450 1739 thümers
467 1707 590 1738 werden
616 1715 652 1737 80
669 1707 791 1747 wenig
815 1707 871 1738 als
888 1706 1055 1746 möglich
1073 1705 1384 1746 eingeschränkt,

310 1762 375 1794 und
411 1771 442 1793 es
473 1761 517 1792 ist
546 1760 627 1791 doch
656 1760 747 1792 dafür
776 1761 918 1801 gesorgt,
950 1760 1021 1791 dass
1052 1759 1155 1790 Solche
1185 1758 1275 1790 nicht
1304 1768 1386 1789 zum

310 1816 538 1858 gänzlichen
554 1814 651 1846 Ruin
668 1814 722 1846 des
739 1814 901 1846 Nachbars
919 1813 1234 1854 gemissbraucht
1250 1812 1383 1844 werden.

240 1871 285 1902 Zu
301 1871 409 1902 diegen
426 1869 565 1901 Motiven
581 1867 653 1899 tritt
676 1868 756 1899 auch
780 1868 836 1899 der
859 1877 919 1900 von
943 1877 1002 1899 uns
1027 1867 1156 1899 betonte
1176 1865 1386 1898 Unterschied

150 1925 302 1956 zwiSchen
327 1925 386 1956 den
410 1923 638 1956 verdunkelten
661 1921 943 1953 Behältnissgen
966 1922 1032 1953 und
1056 1922 1126 1952 dem
1151 1930 1296 1962 ganzen
1321 1919 1387 1950 Ge-

149 1979 273 2010 bäude
303 1979 372 2010 klar
399 1979 521 2010 hervor.
573 1977 677 2009 Wenn
707 1976 767 2007 den
795 1976 1021 2007 verdunkelten
1050 1974 1275 2007 Behältnissen
1307 1973 1387 2003 noch

150 2031 206 2064 auf
227 2032 340 2064 andere
363 2020 421 2064 Art
444 2032 537 2063 Licht
560 2030 714 2073 geschafft
735 2030 859 2061 werden
883 2030 976 2069 kann,
1002 2039 1035 2061 80
1059 2029 1140 2061 fehlt
1164 2038 1195 2060 es
1221 2037 1262 2059 an
1286 2027 1387 2058 einem

149 2086 355 2125 Nothstande,
383 2096 414 2118 es
439 2087 522 2118 kann
539 2086 603 2117 also
620 2095 680 2116 von
698 2084 784 2116 einer
799 2083 1083 2125 Nothwendigkeit,
1110 2083 1164 2114 das
1181 2081 1258 2124 freie
1274 2081 1395 2121 Eigen--

150 2142 242 2174 thum
271 2151 308 2172 zu
336 2141 567 2180 begechränken,
597 2139 687 2171 keine
717 2138 803 2170 Rede
834 2139 911 2170 Sein.
965 2138 1025 2170 Ein
1058 2137 1179 2169 wahrer
1207 2135 1388 2167 Nothstand

150 2195 229 2237 liegt
258 2195 356 2226 Selbst
386 2195 468 2226 dann
492 2195 580 2226 nicht
602 2204 672 2233 vor,
702 2203 792 2224 wenn
822 2193 890 2224 blos
924 2192 1085 2224 einzelnen
1110 2189 1307 2222 Gemächern
1331 2190 1387 2222 das
