1553 2357
243 149 447 188 Dernburg
487 148 653 179 Lehrbuch
697 148 714 187 S8
747 151 803 179 221
848 149 935 180 Stellt
963 150 1086 183 freilich
1117 155 1162 186 als
1194 157 1302 188 Zweck
1332 159 1384 189 des

155 202 300 234 Gegetzes
326 202 386 240 auf,
413 202 482 232 dass
515 201 585 233 dem
616 202 840 233 Hausbesitzer
870 202 924 233 das
956 203 1062 236 bisher
1093 217 1263 247 genosgene
1293 211 1386 243 Licht

154 257 252 288 durch
277 256 336 287 den
365 256 498 287 Neubau
521 256 610 286 nicht
639 256 819 297 gänzlich
844 257 992 297 entzogen
1017 259 1141 291 werden
1166 263 1251 294 Solle.
1301 264 1385 297 Aber

152 321 240 342 wenn
281 310 330 341 “die.
361 310 488 350 8SS-142:
519 310 584 341 umd:
616 313 678 342 443
708 309 808 341 tit>8:
845 310 903 341 Th.
934 310 957 341 T-
994 311 1233 347 A..J-Rocdie:
1270 318 1384 350 Unter-

153 364 325 405 Scheidung
348 364 489 404 machen,
514 364 571 395 wie
597 374 629 396 er
653 364 697 395 Sie
722 362 872 401 aufstellt,
898 364 969 395 dass
986 366 1123 397 nämlich
1144 368 1235 407 jeder
1250 371 1384 404 Neubau

153 427 186 449 80
203 418 276 449 weit
293 418 510 450 zurücktreten
526 421 641 456 müsse,
668 417 738 448 dass
762 426 834 447 man
859 426 913 448 aus
939 418 999 449 den
1016 419 1168 452 Fenstern
1193 422 1246 454 des
1269 426 1384 457 untern

153 473 227 503 oder
252 472 347 504 obern
365 472 556 504 Stockwerks
582 471 640 502 den
658 470 798 501 Himmel
820 473 924 502 müsse
943 473 1038 504 Sehen
1062 473 1195 515 können,
1220 477 1285 508 und
1303 489 1381 511 zwar

152 527 294 566 ersteres,
313 536 401 557 wenn
419 526 473 557 das
491 524 671 556 Behältniss
689 534 748 555 nur
764 524 862 556 durch
880 525 924 556 Sie
941 525 1033 557 Licht
1049 527 1113 568 hat,
1139 529 1201 560 und
1225 530 1381 572 letzteres,

151 590 239 611 wenn
271 580 324 610 das
349 578 530 610 Behältniss
560 579 640 609 noch
664 588 723 610 von
753 578 836 610 einer
865 579 999 611 anderen
1030 580 1112 612 Seite
1141 583 1234 615 Licht
1258 585 1322 625 hat,
1349 597 1381 618 80

150 633 230 664 fehlt
254 642 285 664 es
310 633 340 663 in
368 633 437 663 dem
463 632 575 664 Gesetz
600 633 740 673 gänzlich
767 643 805 664 an
832 634 885 664 der
895 634 1137 675 Bestimmung,
1156 636 1228 668 dass
1255 649 1288 669 er
1312 649 1381 680 gar-

151 686 239 718 nicht
263 687 532 719 zurückzurücken
556 688 706 727 brauche,
728 697 815 719 wenn
840 687 889 718 die
914 688 1113 720 Behältnisse
1144 691 1223 721 noch
1253 692 1307 723 das
1333 704 1380 725 er-

152 740 339 773 forderliche
356 741 523 773 Minimum
547 751 606 773 von
622 742 714 774 Licht
738 742 885 774 behalten
910 742 983 774 oder
1000 752 1030 774 es
1056 742 1151 775 ihnen
1168 754 1227 776 von
1250 746 1381 780 anderer

151 794 234 826 Seite
258 796 426 827 verschafft
449 797 573 827 werden
596 797 705 828 könne.
754 797 960 838 Dernburg
989 797 1071 828 kann
1103 797 1167 829 also0
1192 799 1285 830 unter
1310 801 1379 833 dem

149 848 257 879 bisher
281 859 474 889 genossenen
496 850 598 888 Licht,
631 850 762 881 welches
798 851 869 882 dem
897 851 1043 882 Nachbar
1077 851 1164 883 nicht
1199 855 1380 893 gänzlich

150 902 300 942 entzogen
324 902 448 934 werden
473 903 570 941 dürfe,
601 913 660 934 nur
691 903 744 934 das
775 903 868 935 Licht
891 905 1078 936 verstanden
1108 905 1220 945 haben,
1246 908 1378 940 welches

150 955 208 986 den
241 954 435 986 Gemächern
472 955 570 986 durch
606 956 655 987 die
685 957 899 988 verbauten
929 958 1061 989 Fenster
1096 960 1288 1000 zugefloggen
1325 963 1376 995 igt.

148 1008 239 1039 Denn
263 1018 351 1040 wenn
376 1009 430 1039 das
449 1008 585 1040 Gemach
610 1010 689 1040 noch
713 1020 773 1041 von
797 1011 927 1042 anderer
945 1011 1027 1043 Seite
1052 1012 1145 1044 Licht
1168 1015 1232 1046 und
1249 1016 1380 1048 Fengster

147 1062 211 1100 hat,
230 1071 263 1093 30
288 1062 332 1094 iSt
356 1062 423 1094 eine
448 1063 608 1104 gänzliche
629 1063 826 1105 Entziehung
851 1065 903 1096 des
920 1065 1027 1097 Lichts
1054 1066 1152 1098 durch
1177 1068 1236 1100 den
1253 1069 1378 1102 Vorbau

147 1115 235 1146 nicht
259 1116 406 1148 denkbar.
455 1117 518 1149 Das
556 1116 667 1149 Gegetz
703 1118 808 1150 würde
843 1118 1003 1159 übrigens,
1040 1130 1128 1152 wenn
1164 1131 1196 1153 es
1232 1123 1282 1154 die
1318 1134 1377 1156 von

146 1169 353 1211 Dernburg
386 1171 585 1202 bezeichnete
621 1171 896 1213 Unterscheidung
925 1173 1066 1205 wirklich
1101 1175 1272 1216 aufstellte,
1304 1178 1376 1210 kein

145 1223 238 1254 Wort
261 1224 361 1254 davon
386 1224 557 1263 enthalten,
583 1224 653 1255 dass
679 1225 751 1256 dem
774 1225 998 1258 Hausbegitzer
1022 1237 1082 1259 nur
1106 1229 1161 1260 das
1192 1230 1299 1263 bigher
1323 1243 1376 1274 90-

146 1285 277 1307 nossene
306 1276 399 1308 Licht
428 1277 517 1308 nicht
546 1278 696 1319 entzogen
726 1279 849 1310 werden
879 1280 978 1320 dürfe,
1016 1280 1150 1313 Sondern
1181 1294 1241 1315 nur
1271 1296 1375 1327 gagen,

146 1330 217 1360 dass
244 1329 299 1360 der
322 1330 468 1362 Nachbar
491 1332 606 1363 unter
630 1332 733 1364 allen
758 1332 994 1365 Umständen
1017 1336 1204 1377 wenigstens
1235 1348 1290 1370 aus
1316 1340 1376 1372 den

146 1383 297 1415 Fenstern
323 1384 376 1415 des
401 1385 528 1417 zweiten
554 1386 662 1419 Stocks
688 1387 748 1418 den
772 1387 911 1419 Himmel
934 1392 1037 1421 müggse
1064 1391 1159 1423 Sehen
1183 1392 1315 1425 können.

235 1437 318 1470 Ganz
348 1439 459 1471 anders
490 1441 540 1472 bei
570 1442 625 1473 der
653 1452 715 1474 von
742 1452 801 1474 uns
832 1442 1054 1484 aufgestellten
1089 1445 1374 1491 Unterscheidung.

143 1492 232 1524 Nach
256 1503 385 1525 unserer
405 1494 590 1537 Auslegung
612 1496 655 1528 ist
677 1497 722 1528 im
739 1497 851 1529 Gegetz
877 1498 1016 1530 deutlich
1040 1501 1160 1541 gesagt,
1186 1501 1268 1541 dass,
1286 1512 1374 1535 wenn

146 1545 195 1576 die
219 1546 418 1579 Behältnisse
448 1549 527 1579 noch
559 1559 591 1581 80
616 1550 678 1581 viel
706 1550 800 1583 Licht
823 1552 980 1592 behalten,
1010 1553 1067 1584 wie
1097 1553 1115 1594 8
1149 1556 1210 1586 142
1240 1556 1286 1587 als
1318 1546 1372 1589 das

144 1599 333 1640 gesetzliche
362 1600 530 1632 Minimum
560 1602 797 1636 charakterisirt
821 1606 895 1638 oder
920 1606 974 1638 der
997 1606 1223 1649 Eigenthümer
1248 1618 1279 1640 es
1306 1611 1374 1643 gich

144 1653 223 1684 ohne
259 1653 507 1685 beträchtlichen
543 1655 695 1688 Aufwand
730 1659 924 1692 verschaffen
959 1661 1051 1702 kann,
1087 1672 1146 1694 von
1182 1663 1267 1695 einer
1296 1664 1373 1697 Ver-

142 1706 318 1748 pflichtung
346 1708 400 1739 des
430 1708 591 1739 Nachbars
621 1711 800 1752 überhaupt
829 1713 919 1746 keine
949 1715 1033 1747 Rede
1065 1716 1132 1747 gein
1161 1717 1271 1757 könne,
1308 1720 1373 1751 und

144 1760 215 1791 dass
234 1750 294 1791 nur
317 1761 410 1792 unter
427 1761 483 1792 der
506 1762 760 1805 gegentheiligen
773 1765 1028 1810 Vorausgetzung
1052 1769 1119 1801 eine
1133 1765 1373 1818 Verpflichtung

143 1823 213 1844 zum
237 1813 477 1845 Zurückrücken
502 1814 635 1856 eintritt,
660 1818 725 1849 und
750 1829 828 1851 zwar
851 1821 885 1852 in
910 1822 980 1853 dem
1002 1822 1081 1862 Fall,
1099 1833 1189 1855 wenn
1205 1824 1259 1856 das
1276 1835 1371 1866 ganze

143 1867 292 1898 Gebäude
322 1877 381 1898 nur
410 1868 487 1898 Eine
518 1868 589 1900 dem
611 1869 705 1902 Licht
734 1874 938 1915 zugängliche
968 1870 1050 1907 Seite
1080 1876 1144 1916 hat,
1169 1878 1249 1910 nach
1272 1879 1373 1913 Mass-

142 1921 218 1961 gabe
250 1921 304 1952 des
335 1921 352 1961 3
386 1923 458 1959 142,
488 1922 553 1952 und
582 1933 670 1955 wenn
700 1935 731 1957 es
763 1927 860 1959 deren
887 1929 961 1960 zwei
988 1930 1053 1969 hat,
1090 1931 1168 1962 nach
1205 1932 1371 1976 Massgabe

141 1975 194 2006 des
219 1974 236 2015 S
265 1977 336 2006 143.

229 2029 278 2060 Da
302 2028 356 2059 wir
382 2028 489 2069 8treng
513 2038 551 2060 an
576 2030 647 2062 dem
672 2033 832 2068 Wortlaut;
856 2037 909 2069 des
940 2037 1086 2069 Gegetzes
1111 2038 1280 2073 festhalten
1305 2045 1370 2075 und

141 2093 179 2114 zu
202 2083 304 2115 einem
327 2082 386 2113 mit
410 2082 470 2113 den
493 2082 633 2115 Motiven
657 2086 998 2122 übereinstimmenden
1022 2092 1086 2122 und
1111 2092 1166 2124 der
1189 2094 1291 2128 Natur
1315 2098 1371 2129 der

141 2136 238 2168 Sache
264 2135 531 2176 entsprechenden
554 2136 700 2171 Regultat
724 2142 887 2184 gelangen,
919 2144 967 2175 die
997 2144 1168 2187 Anhänger
1199 2148 1255 2181 der
1281 2152 1369 2182 herr-

140 2191 298 2222 Schenden
328 2189 461 2221 Ansicht
490 2189 563 2220 aber
593 2200 780 2236 gezwungen
811 2196 890 2236 Sind,
921 2197 980 2229 den
1010 2198 1028 2238 S8
1059 2201 1120 2231 143
1146 2203 1306 2235 mehrfach
1330 2214 1368 2234 zu
