1553 2357
727 49 758 77 Si
787 49 818 77 ENE
829 49 881 77 12222

280 148 395 180 Prüfen
413 150 468 180 wir
484 159 548 180 nun
566 158 620 179 aus
639 146 765 182 diesem,
792 153 845 173 aus
871 143 926 173 der
942 143 1044 174 Natur
1061 145 1115 176 der
1133 146 1231 180 Sache
1256 150 1423 189 folgenden

192 201 459 242 Gegichtspunkte
485 202 544 232 den
560 199 665 232 Inhalt
689 198 744 229 der
765 195 881 227 Motive
906 205 974 227 zum
993 195 1115 238 Gesetz,
1141 209 1174 230 80
1200 202 1334 242 ergeben
1358 202 1423 233 die-

191 255 308 293 Selben,
336 256 406 287 dass
425 256 526 296 einige
543 253 711 286 Monenten
730 260 761 281 es
778 249 861 280 beim
878 249 1053 280 römischen
1069 250 1170 283 Recht
1187 253 1300 293 lassen,
1327 255 1421 286 andre

191 309 261 339 dem
285 309 431 340 Nachbar
454 318 513 340 nur
536 307 725 345 untergagen
748 302 883 341 wollten,
910 302 959 333 die
987 302 1118 334 Fenster
1142 305 1196 336 des
1225 308 1343 338 andern
1367 318 1421 339 aus

190 363 311 393 blosger
335 363 471 394 Chikane
496 372 533 392 zu
556 360 719 391 verbauen.
770 357 860 387 Dann
884 356 988 387 wurde
1014 356 1063 387 ein
1086 357 1299 401 Mittelweg
1315 371 1423 402 vorge-

191 416 347 457 Schlagen,
371 417 404 447 in
421 415 567 447 welchem
584 412 650 443 drei
665 411 752 442 Fälle
768 410 1009 441 unterschieden
1026 411 1167 443 wurden:
1182 430 1223 434 --
1239 412 1275 444 ef.
1293 414 1421 446 Entsch.

189 470 278 501 Band
296 473 336 502 80
362 471 392 501 S8.
419 471 493 500 271.

163 519 165 522 :
284 524 317 564 1)
352 523 416 553 Der
439 520 600 553 Nachbar,
630 518 780 549 welchem
810 517 909 549 durch
934 518 993 548 den
1018 518 1150 550 Neubau
1174 520 1229 551 das
1253 520 1346 551 Licht
1369 522 1423 552 be-

350 583 496 605 nommen
524 572 615 612 wird,
647 572 702 603 hat
736 581 806 603 nur
836 581 907 602 von
939 570 1072 602 dieser
1103 572 1207 604 Seite
1237 573 1330 604 Licht
1358 575 1423 605 und

349 627 490 666 Fenster,
516 627 598 658 dann
616 636 702 657 muss
720 626 775 657 der
791 625 939 656 Bauende
957 634 988 656 80
1006 625 1078 656 weit
1095 627 1324 666 zurücktreten,
1350 627 1421 658 dass

350 682 405 713 der
421 682 566 714 Nachbar
578 681 658 713 noch
671 691 725 712 aus
740 681 800 712 den
813 679 1033 721 ungeöffneten
1046 679 1199 711 Fenstern
1212 680 1265 711 des
1279 680 1423 712 untern

350 736 542 768 Stockwerks
569 736 628 767 den
652 734 790 766 Himmel
815 734 908 766 Sehen
933 733 1023 765 kann.

281 792 316 832 2)
352 792 415 822 Hat
440 791 495 822 der
517 790 663 822 Nachbar
686 789 766 820 noch
790 798 850 819 von
874 788 980 818 einer
1003 787 1120 818 andern
1138 786 1221 818 Seite
1241 787 1334 818 Licht
1358 789 1423 820 und

351 846 498 884 Fenster,
524 845 606 875 dann
635 843 717 874 kann
748 842 854 873 Soweit
882 840 1055 881 vorgebaut
1086 840 1224 879 werden,
1255 841 1325 872 dass
1351 853 1423 874 man

352 899 433 930 noch
469 907 523 929 aus
560 897 620 928 den
656 896 808 927 Fenstern
844 894 896 926 des
938 893 1097 925 zweiten
1132 892 1325 925 Stockwerks
1363 896 1423 927 den

352 950 492 982 Himmel
517 950 612 981 Sehen
635 949 726 979 kann.
1314 951 1316 953 ;

282 1005 316 1046 3)
352 1004 416 1035 Hat
447 1013 479 1033 er
507 1001 598 1034 noch
618 1012 677 1033 von
705 1001 908 1032 mehreren
938 1000 1044 1031 Seiten
1072 1000 1164 1031 Licht
1192 1001 1257 1032 und
1280 1001 1422 1042 Fengster,

352 1068 384 1089 50
410 1056 481 1088 darf
501 1057 556 1087 der
578 1056 727 1087 Bauende
752 1064 811 1085 nur
840 1053 906 1084 drei
931 1053 1145 1085 Werkschuhe
1176 1064 1236 1085 von
1267 1055 1336 1086 dem
1363 1056 1423 1087 Ge-

351 1111 452 1142 bäude
478 1110 530 1141 des
555 1109 717 1140 Nachbars
741 1107 944 1147 wegbleiben.
1306 1120 1308 1122 ;

279 1166 359 1196 Dass
385 1164 453 1195 hier
469 1172 528 1193 nur
551 1163 662 1195 immer
678 1170 739 1191 von
763 1160 834 1191 dem
858 1170 1001 1200 ganzen
1023 1160 1205 1192 Gebäude
1229 1163 1294 1194 und
1310 1164 1423 1195 dessgen

190 1217 446 1250 Aussgenwänden
469 1215 518 1246 die
535 1214 619 1245 Rede
635 1213 686 1253 ist,
712 1213 853 1245 versteht
877 1214 942 1245 Sich
968 1224 1044 1255 ganz
1067 1223 1126 1245 von
1152 1215 1261 1255 Sgelbst,
1285 1216 1351 1247 und
1375 1227 1422 1248 er-

190 1272 276 1312 giebt
301 1270 367 1302 Sich
392 1269 471 1300 auch
495 1268 563 1299 klar
587 1277 642 1298 aus
668 1267 722 1299 der
745 1267 889 1308 Fassung
913 1268 966 1299 des
993 1268 1138 1300 Gesetzes
1163 1268 1229 1299 und
1253 1269 1334 1310 dem,
1360 1280 1421 1302 was

191 1325 330 1356 Suarez
360 1323 444 1363 Sagt,
475 1331 529 1353 um
559 1321 608 1353 die
632 1321 794 1353 Annahme
819 1321 872 1352 des
895 1321 1101 1362 Vorschlages
1127 1332 1164 1353 zu
1188 1322 1433 1365 rechtfertigen.“

189 1379 268 1409 Dass
282 1377 315 1408 in
328 1377 434 1408 diegen
448 1376 515 1408 drei
528 1376 637 1408 Fällen
650 1376 695 1407 als
710 1376 1023 1407 Selbstverständlich
1035 1376 1269 1417 vorausgesetzt
1280 1376 1332 1416 ist,
1351 1378 1422 1410 dass

190 1432 250 1463 die
268 1432 522 1464 Behältnisse
539 1441 599 1463 von
611 1430 745 1462 keiner
762 1431 879 1462 andern
893 1430 976 1462 Seite
988 1430 1104 1462 bereits
1119 1430 1317 1471 genügendes
1330 1431 1424 1464 Licht

188 1488 301 1527 haben,
330 1487 409 1527 folgt
433 1496 487 1517 aus
513 1486 568 1517 der
599 1485 700 1517 Natur
728 1486 783 1517 der
811 1484 919 1525 Sache,
956 1484 1004 1522 da,
1033 1494 1120 1516 wenn
1145 1484 1194 1516 die
1222 1484 1422 1517 Behältnisge

190 1541 310 1572 Solches
327 1541 438 1579 haben,
456 1550 516 1572 von
534 1540 634 1571 einem
647 1539 826 1571 Nothstand
843 1538 1021 1579 überhaupt
1037 1538 1127 1570 keine
1144 1538 1229 1569 Rede
1247 1537 1314 1569 Sein
1329 1538 1422 1571 kann.

279 1595 327 1626 Da
350 1594 429 1625 nach
456 1593 596 1624 Suarez
613 1593 816 1634 Aeusgerung
840 1594 942 1625 dieger
966 1592 1227 1633 vorgesSchlagene
1249 1592 1424 1634 Mittelweg

190 1648 341 1689 acceptirt
356 1648 408 1687 ist,
428 1657 460 1678 80
484 1650 612 1678 müsgen
629 1647 678 1678 die
703 1646 742 1687 SS
762 1650 825 1679 142
842 1648 906 1679 und
923 1649 984 1679 143
1009 1647 1070 1678 den
1085 1646 1194 1678 Fällen
1220 1645 1258 1677 ad
1280 1649 1292 1677 1
1319 1647 1385 1678 und
1403 1650 1423 1679 2

190 1702 407 1742 entsprechen.
454 1701 518 1732 Das
542 1700 586 1731 ist
608 1710 639 1732 u.
665 1701 700 1731 E.
726 1701 806 1732 auch
831 1701 886 1733 der
909 1701 987 1733 Fall.
1035 1700 1126 1732 Denn
1151 1700 1194 1731 sie
1218 1699 1343 1731 lauten:

279 1756 296 1796 S
322 1758 394 1787 142.
443 1754 520 1786 Sind
539 1754 654 1794 jedoch
683 1753 733 1784 die
757 1754 889 1786 Fenster
919 1755 973 1786 des
997 1754 1173 1792 Nachbars,
1205 1763 1260 1785 vor
1284 1754 1423 1787 welchen

350 1808 467 1849 gebaut
490 1808 613 1840 werden
630 1807 698 1847 Soll,
724 1808 822 1841 chon
845 1809 905 1840 geit
924 1811 962 1840 10
980 1808 1098 1839 Jahren
1123 1807 1197 1838 oder
1220 1799 1330 1848 länger
1353 1819 1423 1841 vor-

349 1862 489 1900 handen,
525 1861 591 1892 und
626 1861 675 1891 die
712 1862 978 1901 Behältnisse,
1014 1871 1059 1892 wo
1096 1860 1140 1891 Sie
1171 1860 1236 1892 Sich
1265 1862 1421 1904 befinden,

350 1916 452 1947 haben
475 1925 535 1947 nur
558 1925 618 1946 yon
643 1915 745 1947 dieger
769 1917 853 1949 Seite
876 1916 977 1955 Licht,
1004 1925 1036 1946 80
1060 1924 1146 1946 muss
1172 1915 1228 1946 der
1250 1925 1330 1948 neue
1355 1918 1424 1950 Bau

353 1969 459 2001 Soweit
482 1968 715 2010 zurücktreten,
743 1971 813 2002 dass
839 1971 895 2002 der
917 1969 1063 2001 Nachbar
1092 1968 1172 2000 noch
1201 1979 1256 2001 aus
1282 1971 1342 2003 den
1366 1982 1423 2003 un-

350 2023 526 2065 geöffneten
549 2022 703 2055 Fenstern
733 2025 786 2057 des
817 2024 949 2056 unteren
977 2022 1169 2054 Stockwerks
1200 2023 1260 2055 den
1283 2025 1423 2057 Himmel

351 2076 509 2109 erblicken
532 2076 643 2108 könne.

280 2129 300 2175 S8
317 2134 397 2175 143.
445 2131 508 2161 Hat
524 2130 563 2161 in
587 2131 729 2163 diegsem
745 2132 854 2164 Falle
879 2132 946 2162 das
970 2129 1153 2169 Gebäude
1179 2131 1232 2163 des
1249 2132 1421 2171 Nachbars,

349 2187 383 2218 in
412 2185 561 2216 welchem
590 2185 639 2216 die
669 2186 801 2219 Fenster
833 2186 899 2218 Sich
929 2183 1089 2223 befinden,
1120 2185 1200 2217 noch
1229 2196 1290 2218 von
1314 2185 1421 2217 einer
