1564 2357
732 48 885 76 RE

193 146 307 177 begitzt
336 155 395 175 nur
426 144 491 174 das-
511 144 596 188 Haus
627 142 686 173 mit
716 143 775 172 den
806 142 967 181 Penstern,
1006 144 1105 175 damit
1132 147 1207 178 aber
1235 133 1337 181 weder
1367 151 1437 189 den

192 200 356 231 Luftraum
381 198 434 228 des
460 196 620 227 Nachbars
644 196 724 226 noch
749 195 799 226 ein
823 195 1162 244 Untersagungsrecht.
1210 202 1360 243 Dagegen
1384 204 1427 235 ist

193 245 268 284 eine
286 243 411 293 andere
424 250 586 280 Annahme
612 250 683 280 Sehr
706 249 787 280 wohl
810 243 971 289 möglich,
989 250 1126 282 nämlich
1158 253 1230 285 dass
1262 257 1341 287 nach
1371 257 1439 293 der

192 305 325 338 Absicht
342 305 395 335 des
414 304 637 344 Gegetzgebers
655 303 704 334 die
722 301 920 342 zehnjährige
938 302 1021 334 Frist
1043 302 1096 334 des
1121 304 1138 344 S
1163 309 1222 338 142
1244 308 1296 339 eit.
1315 310 1425 342 keine

192 359 481 400 Verjährungsfrist
506 358 572 389 Sein
597 357 682 389 Solle.
730 356 832 387 Wenn
862 356 1069 397 Dernburg
1093 358 1152 389 den
1177 352 1427 403 Erwerbsgrund

192 414 237 445 als
264 413 331 445 eine
356 412 528 444 anomale
553 411 752 451 Verjährung
776 409 966 449 bezeichnet,
992 410 1042 441 bei
1059 411 1114 442 der
1129 411 1253 444 freilich
1269 424 1328 446 von
1344 416 1425 448 bona

191 468 268 498 fides
293 468 356 498 und
374 466 459 498 Titel
481 465 571 496 keine
588 464 672 495 Rede
698 463 752 503 Sei,
772 473 804 494 80
828 464 948 494 müsste
966 474 1006 495 er
1030 465 1110 495 noch
1133 465 1333 508 hinzufügen,
1352 470 1423 501 dass

192 532 223 553 es
248 522 328 553 auch
352 530 390 551 an
416 508 500 550 dem
520 517 650 548 Begitz
675 518 728 548 des
755 528 792 548 zu
816 517 1036 549 erwerbenden
1052 518 1167 550 Rechts
1192 520 1284 560 fehle,
1302 524 1422 554 woraus

192 576 274 606 dann
298 574 386 614 folgt,
413 573 484 603 dass
509 582 569 603 von
592 571 791 612 Verjährung
815 571 992 612 überhaupt
1016 571 1104 603 keine
1129 573 1214 605 Rede
1240 574 1306 605 gein
1329 561 1421 607 kann.

279 627 355 658 Wer
379 627 484 658 zuerst
507 626 638 657 Fenster
662 623 742 657 nach
767 622 820 657 des
844 625 1006 658 Nachbars
1037 625 1121 657 Seite
1152 627 1258 668 anlegt
1288 628 1421 669 (primus

191 684 368 722 occupans),
406 681 533 713 erwirbt
568 680 623 712 auf
657 680 765 723 Grund
799 680 852 712 des
889 680 1071 712 Gesetzes
1103 681 1181 711 nach
1216 681 1337 713 Ablauf
1362 693 1442 715 von/

193 740 232 768 10
258 737 375 768 Jahren
406 736 455 767 ein
466 735 711 767 Servitutrecht
741 744 838 775 gegen
869 735 928 766 den
951 734 1128 766 Nachbarn.
1176 734 1252 766 Der-
1270 736 1422 769 Erwerbs-

190 791 291 832 grund
315 786 358 822 ist
381 790 445 822 also
471 790 539 821 eine
556 790 615 820 Art
639 789 809 830 gegetzlich
833 788 1055 819 Sanktionirter
1072 787 1264 828 Occupation
1289 808 1329 812 --
1347 791 1422 823 aber

190 845 278 875 nicht
303 845 389 875 einer
413 854 461 875 res
487 844 615 882 nullius,
643 843 775 873 Sondern
799 842 940 873 fremden
963 841 1180 882 Eigenthums,
1199 841 1294 873 deren
1318 845 1421 876 recht-

189 898 271 929 liche
288 898 445 937 Wirkung
469 898 543 928 aber
559 896 624 927 erst
647 896 726 926 nach
742 895 863 927 Ablauf
882 905 942 926 von
970 897 1008 926 10
1026 894 1142 925 Jahren
1167 894 1298 928 eintritt.
1326 897 1420 929 Diese

190 951 274 982 Frist
296 951 340 982 ist
364 951 435 981 dem
463 949 689 990 Eigenthümer
718 949 870 989 gelassen,
903 948 969 979 Sein
998 948 1189 989 Eigenthum
1218 949 1359 981 dadurch
1388 951 1421 983 in

191 1004 366 1035 Sicherheit
388 1014 424 1034 zu
446 1003 588 1043 bringen,
615 1002 686 1032 dass
704 1011 737 1032 er
754 1011 785 1032 es
803 1001 928 1032 bebaut.
976 1002 1040 1032 Der
1065 1001 1274 1042 Gesetzgeber
1298 1004 1421 1036 8cheint

190 1058 287 1088 davon
326 1067 545 1097 ausgegangen
582 1066 620 1086 zu
656 1055 732 1093 Sein,
770 1055 840 1091 dass
878 1054 1056 1095 derjenige,
1083 1055 1215 1086 welcher
1249 1056 1329 1087 trotz
1366 1058 1421 1089 der

188 1111 368 1142 drohenden
392 1110 566 1150 Belastung
590 1109 678 1139 nicht
701 1108 790 1147 baue,
817 1107 883 1138 Sein
901 1107 1103 1139 Grundstück
1120 1108 1208 1140 nicht
1224 1120 1293 1141 zum
1310 1110 1419 1142 Bauen

187 1164 350 1195 bestimmt
385 1164 480 1200 habe,
522 1163 586 1192 und
627 1162 722 1192 daher
764 1161 861 1191 durch
899 1161 948 1192 die
986 1162 1296 1204 Baubeschränkung
1331 1164 1419 1195 nicht

187 1217 367 1248 wesentlich
390 1215 525 1247 belastet
549 1215 659 1253 werde,
689 1214 836 1245 während
861 1214 932 1246 dem
956 1215 1080 1256 Gegner
1104 1215 1201 1247 durch
1226 1216 1418 1259 Verbauung

187 1281 245 1301 von
270 1269 384 1300 bereits
413 1271 451 1299 10
476 1268 571 1299 Jahre
596 1268 815 1299 vorhandenen
844 1269 996 1300 Fenstern
1025 1270 1075 1300 ein
1106 1269 1258 1301 Schwerer
1287 1262 1417 1303 Verlust

188 1322 335 1363 zugefügt
359 1322 459 1353 werde
477 1341 517 1343 --
537 1322 591 1355 ef.
609 1321 727 1362 Grein,
752 1322 911 1353 Baurecht
935 1323 964 1354 8.
991 1325 1042 1354 90.
1078 1335 1080 1337 *

278 1376 317 1407 S0
342 1377 476 1408 überaus
502 1376 715 1418 Sympathisch
733 1377 828 1408 daher
852 1377 932 1408 auch
956 1387 1101 1408 unserem
1118 1377 1344 1418 Rechtsgefühl
1369 1380 1418 1411 die

186 1431 393 1472 vorgedachte
417 1431 653 1472 Entscheidung
677 1432 730 1462 des
756 1431 995 1463 Obertribunals
1020 1432 1072 1471 ist,
1099 1441 1133 1467 80
1152 1431 1250 1463 findet
1272 1431 1316 1462 Sie
1333 1443 1363 1463 u.
1382 1433 1416 1465 KE.

187 1487 265 1518 doch
288 1486 321 1517 in
353 1486 411 1517 den
441 1486 573 1517 Worten
602 1487 656 1518 des
687 1486 833 1518 Gegetzes
860 1487 929 1518 und
961 1487 1016 1518 der
1043 1485 1177 1517 Absicht
1206 1486 1260 1517 des
1291 1485 1418 1518 Gesetz-

187 1541 296 1581 gebers
321 1540 411 1571 keine
437 1539 697 1581 Unterstützung.
745 1540 857 1573 Dieser
885 1541 941 1572 hat
970 1550 1001 1572 es
1033 1540 1066 1572 in
1097 1540 1152 1572 der
1176 1539 1259 1571 That
1287 1539 1337 1571 für
1362 1541 1418 1573 der

186 1594 385 1626 natürlichen
402 1594 566 1634 Billigkeit
583 1594 813 1635 entsprechend
830 1595 979 1635 erachtet,
1005 1595 1075 1626 dass
1094 1594 1143 1625 ein
1161 1593 1416 1635 Grundbesgitzer,

186 1649 319 1679 welcher
344 1658 375 1679 es
401 1647 597 1687 nachsichtig
612 1648 798 1687 -geschehen
823 1649 912 1689 lässt,
944 1650 1014 1680 dass
1047 1648 1113 1680 Sein
1142 1647 1288 1679 Nachbar
1318 1658 1418 1690 gegen

186 1702 234 1732 die
264 1701 441 1733 Vorschrift
471 1700 524 1731 des
562 1700 579 1740 S
619 1703 680 1732 139
712 1702 762 1733 tit.
795 1706 812 1734 8
850 1703 908 1734 Th.
940 1703 965 1734 I.
995 1702 1055 1734 mit
1084 1702 1203 1733 gSeinem
1231 1701 1338 1733 Hause
1368 1703 1416 1735 bis

186 1755 273 1787 dicht
303 1765 341 1786 an
371 1755 421 1786 die
452 1754 570 1786 Grenze
600 1754 692 1786 rückt
721 1756 786 1787 und
816 1756 947 1788 Fenster
975 1756 1055 1787 nach
1085 1755 1140 1786 der
1170 1754 1351 1790 Grenzgeite
1381 1767 1418 1789 zu

184 1809 299 1849 anlegt,
324 1808 388 1839 und
414 1808 545 1839 welcher
569 1808 685 1839 mithin
710 1810 777 1841 Sein
801 1803 1007 1851 gegetzliches
1032 1808 1132 1840 Recht
1156 1817 1211 1839 aus
1237 1808 1254 1848 S
1275 1811 1336 1842 139
1363 1811 1416 1845 cit.

184 1854 321 1901 verliert,
346 1862 434 1893 nicht
457 1862 526 1893 blos
552 1862 650 1893 Selbst
679 1872 717 1894 an
749 1864 799 1896 die
823 1863 998 1895 Vorschrift
1028 1862 1081 1893 des
1113 1861 1129 1901 8
1157 1864 1218 1893 139
1251 1863 1417 1903 gebunden

184 1917 295 1956 bleibt,
314 1916 447 1947 Sondern
471 1915 627 1946 nunmehr
644 1926 735 1957 80gar
759 1918 826 1949 drei
842 1918 922 1949 Fuss
939 1927 998 1949 von
1024 1915 1126 1947 Seiner
1142 1914 1262 1948 Grenze
1288 1920 1418 1952 zurück-

184 1971 319 2010 bleiben,
345 1970 409 2001 also
428 1968 477 2000 die
502 1967 562 2011 1"?
582 1969 671 2010 Fuss,
696 1972 813 2003 welche
830 1982 868 2003 zu
885 1972 955 2003 dem
971 1968 1183 2001 Interstitium
1200 1969 1255 2002 der
1270 1965 1418 2006 Nachbar

184 2025 271 2057 hätte
300 2023 458 2064 hergeben
487 2025 624 2063 müssen,
660 2026 816 2057 nunmehr
845 2025 924 2056 auch
953 2024 1032 2055 noch
1063 2033 1123 2054 von
1152 2024 1271 2056 Seinem
1306 2027 1417 2059 Grund

183 2079 248 2110 und
272 2078 380 2110 Boden
405 2077 514 2119 opfern
540 2096 580 2099 --
607 2078 645 2110 ef.
664 2079 907 2113 Striethorst
934 2078 1028 2110 Arch.
1057 2078 1149 2112 Band
1168 2080 1264 2113 10-8.
1284 2083 1347 2113 249
1373 2099 1415 2104 -

184 2133 248 2165 und
273 2133 343 2164 dass
369 2142 402 2163 er
426 2131 606 2163 ausserdem
630 2133 688 2164 mit
713 2134 831 2173 Seinem
847 2135 915 2166 Bau
940 2133 1019 2164 noch
1044 2142 1077 2163 80
1101 2133 1173 2165 weit
1197 2135 1415 2167 zurücktreten

183 2197 280 2227 muss,
308 2188 378 2218 dass
405 2187 459 2217 der
484 2186 629 2218 Nachbar
653 2198 707 2219 aus
740 2184 845 2220 Seinen
877 2188 1030 2219 Fenstern
1060 2187 1121 2218 den
1150 2188 1291 2221 Himmel
1320 2188 1415 2220 Sehen
