1553 2357
696 51 761 80 SELBER
776 51 875 80 [171

170 148 383 189 nothdürftige
400 150 492 180 Licht
515 149 603 180 nicht
626 147 778 188 geschafft
803 146 923 177 werden
947 146 1039 188 Kann,
1066 149 1200 180 Sondern
1218 153 1326 193 Streng
1350 163 1403 193 ge-

169 211 314 232 nommen
337 212 398 234 nur
422 203 518 242 dann,
544 212 631 234 wenn
656 202 727 232 dem
751 200 895 231 Nachbar
919 199 972 230 das
998 210 1114 241 ganze
1140 202 1402 248 Gebäude
1337 199 1402 248 un-

168 255 345 286 brauchbar
361 256 515 296 gemacht,
532 256 599 287 ihm
615 255 669 286 der
686 253 851 285 Gebrauch
875 248 1040 285 desgelben
1062 264 1156 295 ganz
1179 267 1401 297 genommen

167 309 232 339 und
250 319 282 340 80
300 310 364 341 Sein
383 310 606 350 gänzlicher
622 307 720 339 Ruin
733 306 968 347 herbeigeführt
981 308 1093 339 würde.
1143 310 1218 341 Dies
1236 311 1316 344 lässt
1333 313 1400 345 Sich

168 372 227 393 nur
262 362 295 393 in
325 363 396 395 dem
425 364 525 395 Einen
548 362 617 393 Fall
642 360 833 401 behaupten,
863 370 950 391 weun
976 361 1029 392 das
1056 361 1241 396 Gebäude
1265 376 1325 397 nur
1349 368 1399 398 die

166 415 242 447 Eine
268 416 340 448 dem
354 417 447 448 Licht
470 416 662 457 ausgesetzte
679 414 782 445 Wand
805 414 884 445 nach
909 414 979 445 dem
995 415 1338 457 Nachbargrundstück
1362 431 1400 452 zu

166 469 228 500 hat.
277 470 341 501 Hat
365 471 418 501 das
442 469 591 501 Gebäude
616 468 695 499 auch
719 478 778 498 nur
801 467 881 498 noch
898 468 974 499 Eine
999 469 1112 500 andere
1136 470 1212 502 freie
1231 471 1325 512 Seite,
1352 485 1397 505 wo

165 523 296 554 Fenster
311 523 381 554 mit
397 522 532 562 Erfolg
545 522 691 562 angelegt
706 521 826 552 werden
844 521 976 561 können,
995 532 1027 553 80
1045 522 1127 554 kann
1143 534 1203 555 von
1220 526 1399 565 gänzlicher

165 575 457 608 Unbrauchbarkeit
481 575 534 607 des
560 575 762 607 Gebäudes
787 575 852 606 und
875 584 946 607 vom
970 576 1201 616 gänzlichen
1224 578 1322 610 Ruin
1342 581 1396 612 des

163 629 404 670 Eigenthümers
431 629 532 661 Sicher
555 629 645 661 keine
668 629 753 660 Rede
778 629 853 660 Sein.

251 683 422 715 Immerhin
447 684 520 715 aber
543 684 586 715 ist
610 684 664 716 der
687 683 912 724 Eigenthümer
936 684 988 714 des
1014 682 1189 723 Gebäudes,
1206 686 1393 727 wenigstens

162 737 194 768 in
225 737 295 769 dem
325 737 394 769 Fall
423 738 503 770 noch
527 738 565 779 in
596 738 681 770 einer
710 737 871 778 traurigen
894 737 991 778 Lage,
1017 747 1106 768 wenn
1130 738 1184 769 das
1210 738 1392 773 Gebäude

163 802 222 823 nur
239 792 320 822 noch
343 801 403 822 von
420 792 535 823 Einer
559 792 695 823 anderen
712 791 795 823 Seite
819 791 878 823 frei
894 791 1024 832 gelegen
1047 791 1090 822 ist
1113 791 1178 822 und
1195 802 1227 823 es
1252 794 1394 834 zugleich

161 845 249 876 nicht
271 845 409 885 möglich
432 846 490 884 ist,
522 846 623 877 einem
653 846 727 877 oder
756 846 827 877 dem
856 845 972 876 andern
996 845 1051 876 der
1074 845 1302 877 verdunkelten
1325 848 1340 879 B
1351 848 1392 880 e-

160 897 355 929 hältnisse
373 898 426 929 das
444 898 689 939 nothdürftigste
708 898 866 936 Quantum
881 898 975 930 Licht
991 897 1189 937 zuzuführen,
1215 899 1287 930 oder
1313 901 1392 933 doch

161 950 238 981 dazu
262 950 312 981 ein
337 950 514 982 erhebliche
538 951 658 982 Kosten
682 952 946 983 verursachender
962 952 1086 983 Umbau
1110 951 1163 982 des
1180 952 1302 984 Hauses
1326 956 1391 986 und

160 1003 263 1034 Seiner
286 1002 397 1034 innern
421 1003 630 1044 Einrichtung
654 1004 856 1036 erforderlich
880 1005 931 1036 ist.
960 1015 963 1017 *

249 1056 323 1088 Dies
354 1057 397 1088 ist
426 1057 481 1089 der
508 1058 576 1088 Fall
606 1057 659 1088 des
689 1057 706 1097 S
734 1061 812 1097 143,
844 1058 899 1089 der
929 1059 983 1089 das
1009 1058 1250 1098 Temperament
1283 1061 1390 1093 bilden

160 1111 223 1141 und
253 1110 324 1141 dem
347 1111 580 1150 Hausbesitzer,
611 1121 664 1142 um
694 1111 754 1142 den
782 1112 1008 1144 verdunkelten
1031 1112 1263 1151 Behältnissen,
1289 1115 1390 1147 denen

159 1164 304 1204 garnicht
328 1165 401 1195 oder
425 1174 484 1195 nur
507 1164 697 1195 vermittelst
714 1164 798 1196 eines
823 1175 985 1206 grossen
1009 1166 1074 1197 und
1096 1167 1388 1210 kostspieligen

159 1217 299 1248 Umbaus
316 1217 409 1248 Licht
424 1217 529 1248 würde
546 1217 711 1258 zugeführt
726 1219 849 1250 werden
866 1219 998 1259 können,
1017 1220 1096 1252 ohne
1113 1220 1239 1263 Solchen
1253 1222 1389 1255 Kosten-

158 1270 300 1301 aufwand
324 1271 378 1301 das
404 1271 652 1312 nothdürftigste
677 1272 771 1303 Licht
795 1283 832 1304 zu
857 1274 990 1313 Sichern,
1023 1274 1091 1306 eine
1116 1274 1256 1307 Servitut
1278 1276 1312 1307 in
1336 1287 1389 1318 ge-

157 1324 313 1369 ringerem
341 1324 482 1367 Umfang,
509 1325 553 1357 als
579 1326 596 1367 8
623 1328 686 1358 142
711 1327 883 1366 bestimmt,
909 1328 1073 1369 gewähren
1098 1328 1166 1360 Soll.

246 1378 380 1410 Hieraus
405 1380 481 1421 geht
505 1380 648 1422 zugleich
671 1381 792 1421 hervor,
824 1382 895 1414 dass
919 1383 937 1424 8
964 1385 1026 1414 142
1056 1392 1116 1414 nur
1146 1383 1204 1414 den
1235 1384 1303 1416 Fall
1334 1387 1388 1418 des

157 1432 327 1474 eigentlich
361 1434 543 1467 wirklichen
578 1435 791 1468 Nothstandes
827 1436 871 1468 im
906 1437 994 1478 Auge
1030 1437 1130 1468 haben
1166 1437 1259 1477 kann,
1299 1449 1389 1472 wenn

155 1488 293 1519 nämlich
318 1488 384 1520 das
402 1489 586 1521 Gebäude
604 1500 664 1522 von
688 1491 771 1522 allen
788 1491 856 1523 drei
880 1492 1014 1523 anderen
1032 1491 1137 1523 Seiten
1162 1502 1195 1523 80
1220 1492 1404 1537 eingebaut

154 1541 206 1580 ist,
238 1542 310 1573 dass
340 1542 394 1574 das
431 1543 523 1575 Licht
553 1554 590 1575 zu
620 1545 727 1576 Seinen
757 1545 901 1577 Wänden
931 1546 1043 1577 keinen
1073 1546 1191 1577 Zutritt
1220 1546 1284 1586 hat,
1317 1548 1388 1581 dort
1418 1576 1423 1578 .

154 1595 219 1626 als0
244 1595 322 1626 auch
346 1596 436 1627 keine
459 1596 591 1628 Fenster
613 1597 672 1629 mit
695 1599 802 1640 Erfolg
826 1601 971 1642 angelegt
994 1600 1117 1631 werden
1140 1600 1271 1631 können.

244 1649 347 1680 Wenn
377 1650 462 1681 diese
491 1650 686 1692 Auslegung,
716 1654 855 1685 nämlich
886 1655 935 1687 die
966 1654 1186 1686 entschiedene
1218 1655 1386 1698 Betonung

153 1703 206 1734 des
224 1703 468 1734 Unterschiedes
494 1704 646 1736 zwischen
671 1706 734 1737 den
751 1708 978 1741 verdunkelten
1002 1708 1204 1740 einzelnen
1228 1709 1386 1742 Behält-

152 1757 286 1788 nissen
311 1757 376 1788 und
400 1757 472 1788 dem
495 1767 641 1798 ganzen
665 1758 858 1802 Gebäude,
883 1763 999 1804 richtig
1022 1763 1074 1801 ist,
1101 1762 1184 1793 dann
1206 1762 1287 1794 kann
1305 1765 1386 1797 auch

152 1810 286 1842 darüber
309 1809 381 1841 kein
405 1810 530 1841 Zweifel
554 1812 717 1852 obwalten,
743 1824 804 1846 was
836 1816 892 1847 der
916 1816 1124 1857 Gegetzgeber
1152 1816 1246 1847 unter
1272 1817 1385 1856 „Licht

150 1864 271 1896 haben“
298 1864 485 1895 verstanden
509 1864 573 1895 hat.
623 1865 713 1898 Denn
748 1879 808 1900 von
844 1870 945 1901 einem
981 1879 1096 1911 ganzen
1128 1869 1277 1902 Gebäude
1315 1875 1385 1916 sagt

149 1928 221 1950 man
240 1917 318 1949 auch
334 1917 379 1948 im
395 1918 632 1957 gewöhnlichen
650 1920 938 1963 Sprachgebrauch,
965 1934 996 1955 es
1021 1924 1118 1954 habe
1137 1934 1194 1955 von
1218 1926 1383 1960 mehreren

150 1972 256 2004 Seiten
279 1971 381 2010 Licht,
407 1980 496 2002 wenn
521 1972 575 2003 das
599 1972 694 2005 Licht
724 1976 831 2008 Seinen
855 1977 1000 2009 Wänden
1028 1987 1088 2008 nur
1116 1979 1303 2020 zugänglich
1328 1982 1381 2023 ist,

148 2036 236 2058 wenn
266 2026 346 2057 auch
375 2024 453 2055 noch
483 2025 572 2057 keine
602 2026 873 2071 Lichtöffnungen,
906 2032 955 2063 die
985 2031 1051 2062 ihm
1081 2031 1141 2063 den
1170 2033 1303 2067 Eintritt
1332 2038 1380 2069 ins

146 2081 259 2113 Innere
283 2081 337 2112 des
356 2078 520 2110 Gebäudes
545 2080 712 2121 gestatten,
736 2084 852 2116 bereits
869 2085 1048 2116 vorhanden
1066 2085 1146 2118 Sind.
1196 2087 1323 2129 Grein,
1348 2091 1381 2123 in

147 2135 265 2167 Seinem
295 2133 454 2166 Baurecht
489 2132 519 2163 S.
552 2135 604 2172 90,
640 2135 696 2167 hat
724 2138 850 2169 hierauf
874 2139 939 2169 und
969 2139 1048 2169 auch
1077 2140 1134 2171 auf
1160 2141 1220 2174 den
1250 2154 1378 2176 ungeres

145 2190 317 2222 Erachtens
343 2188 414 2220 Sehr
444 2187 669 2221 bedeufsamen
694 2191 849 2224 Umstand
879 2192 1087 2224 aufmerksam
1112 2198 1267 2237 gemacht,
1295 2199 1376 2239 dass,
