1564 2357
682 61 723 65 LG
794 62 835 65 SEE

141 139 196 171 der
214 139 454 182 Constituirung
471 142 526 173 der
544 142 685 173 Servitut
701 142 909 173 vollkommen
928 142 1169 173 einverstanden
1187 143 1241 173 8ei.
1272 142 1375 174 Wenn

139 194 214 224 aber
239 194 292 224 das
319 194 431 226 Gegetz
457 206 495 227 an
521 196 589 227 eine
614 195 846 237 UnterlasSung
876 196 950 227 oder
975 196 1024 226 ein
1050 196 1299 236 Stillschweigen
1325 196 1374 227 ein

141 248 292 280 Schweres
318 249 462 289 Präjudiz
487 249 626 290 knüpfen
650 250 723 289 will,
750 259 782 281 80
805 260 891 281 muss
910 259 942 281 es
960 259 1014 280 vor
1030 249 1134 281 Allem
1151 260 1252 291 genau
1269 260 1374 290 Sagen,

138 311 199 332 was
226 302 281 333 der
296 303 454 335 Bedrohte
480 314 517 335 zu
541 303 621 334 thun
646 303 720 335 oder
745 314 782 344 zu
807 313 900 344 Sagen
926 304 1016 342 habe,
1035 313 1088 334 um
1106 313 1137 335 es
1155 304 1373 335 abzuwenden.

138 356 201 386 Das
228 355 308 397 folgt
332 367 387 388 aus
413 357 468 388 der
491 357 594 388 Natur
619 357 674 389 der
699 358 796 389 Sache
820 359 885 389 und
910 367 965 389 aus
991 357 1008 397 8
1037 360 1074 389 16
1100 358 1149 389 tit.
1179 362 1209 395 4,
1246 359 1283 399 8S
1312 361 1372 391 126

139 411 202 444 247
227 410 277 441 (it.
312 410 424 451 43,88
453 413 514 442 133
545 411 680 442 13616.
716 414 764 450 145
803 411 820 451 8
847 414 887 444 59
914 411 963 442 tit.
999 414 1015 442 6
1042 410 1106 441 und“
1137 411 1226 450 8543.
1251 413 1301 443 fit.“
1331 414 1373 443 22

137 463 194 494 Th.
226 464 251 494 1.
282 463 319 494 A.
349 464 448 495 L.-R.
515 465 551 495 In
583 465 654 496 dem
684 466 788 497 ersten
818 465 963 497 Entwurf
988 475 1051 496 war
1081 465 1162 496 denn
1193 466 1271 496 auch
1303 476 1374 497 aus-

137 512 298 549 drücklich
323 518 441 558 gegagt,
473 510 536 549 der
553 518 692 550 Nachbar
715 519 816 550 könne
841 519 890 549 die
914 519 1089 559 Belastung
1119 519 1218 550 durch
1247 519 1374 550 Protest

135 571 300 602 innerhalb
325 571 427 602 dreier
451 571 546 603 Jahre
571 572 750 604 abwenden.
800 571 897 612 Der
872 571 891 612 S
917 575 977 604 142
994 573 1042 604 tit.
1071 576 1081 604 8
1100 573 1158 605 Th.
1184 573 1371 604 1.A.1L.-R.

136 625 250 665 knüpft
274 625 323 656 die
348 625 549 666 Entstehung
579 626 634 656 der
659 626 800 657 Servitut
831 626 972 667 dagegen
997 626 1090 657 allein
1121 637 1160 658 an
1189 628 1243 658 das
1268 628 1372 659 blosse

136 679 253 710 Dasein
286 680 341 710 der
370 679 502 710 Fenster
530 680 676 711 während
711 683 748 711 10
782 680 886 711 Jahre.
935 680 1056 711 Daraus
1081 679 1169 720 folgt,
1196 681 1267 711 dass
1293 682 1373 712 nach

136 732 191 763 der
226 731 360 764 Absicht
402 732 455 764 des
494 732 718 773 Gesetzgebers
762 733 812 764 die
856 732 997 765 Servitut
1038 744 1097 765 nur
1138 733 1277 764 dadurch
1319 734 1372 764 ab-

135 786 298 825 gewendet
325 786 449 817 werden
477 780 569 823 Kann,
589 786 661 817 dass
680 786 734 817 der
751 786 898 818 Nachbar
915 787 1080 819 innerhalb
1098 788 1200 819 dieser
1222 785 1258 819 10
1276 787 1371 819 Jahre

136 840 185 870 die
210 840 341 871 Fenster
366 840 507 871 verbaut.

225 894 318 925 Diese
355 893 652 934 Schlussfolgerung
686 894 791 925 würde
827 904 887 925 nur
922 894 1005 925 dann
1040 894 1257 926 unzutreffend
1294 895 1369 933 Sein,

135 956 223 978 wenn
248 947 303 979 der
320 947 529 987 Gegetzgeber
552 947 639 978 hätte
657 948 832 978 annehmen
856 948 989 987 können,
1016 948 1086 981 dass
1105 949 1171 980 Sich
1189 949 1243 980 das
1260 949 1369 984 Recht,

135 1000 184 1031 die
214 1001 389 1041 Belastung
419 1001 517 1032 durch
547 1001 837 1041 Protesterhebung
867 1002 1085 1040 abzuwenden,
1116 1002 1197 1033 nach
1227 1002 1286 1033 den
1317 1002 1370 1032 be-

135 1054 308 1085 Stehenden
331 1054 484 1085 Gesetzen
508 1064 567 1084 von
593 1055 693 1085 Selbst
716 1055 870 1085 verstehe.
919 1054 994 1085 Dies
1018 1055 1123 1095 würde
1154 1056 1234 1086 nach
1262 1056 1279 1096 S
1307 1058 1368 1087 603

133 1108 182 1139 tit.
211 1111 228 1140 9
254 1108 311 1139 Th.
342 1108 365 1139 I.
391 1108 427 1139 A.
444 1107 532 1139 L.-R.
560 1108 642 1139 dann
667 1108 722 1139 der
737 1108 807 1138 Fall
832 1107 908 1145 8ein,
934 1117 1022 1138 wenn
1045 1108 1100 1139 der
1123 1108 1368 1149 Erwerbsgrund

134 1162 189 1193 der
218 1161 358 1193 Servitut
390 1157 588 1202 Verjährung
620 1161 717 1192 durch
753 1161 859 1192 Besitz
882 1165 978 1204 wäre.
1038 1161 1113 1192 Dies
1145 1162 1258 1202 nimmt
1288 1162 1368 1193 denn

134 1216 214 1246 auch
245 1216 299 1247 das
330 1215 555 1247 Obertribunal
585 1225 624 1246 an
654 1233 697 1237 --
727 1215 855 1246 Entsch.
887 1216 978 1247 Band
1011 1217 1046 1247 51
1083 1215 1112 1247 8.
1142 1218 1192 1248 75.
1218 1234 1260 1238 --
1285 1215 1368 1246 Weil

134 1269 201 1300 eine
231 1269 456 1309 Veränderung
491 1269 524 1300 in
554 1269 613 1300 den
651 1269 789 1301 Rechten
819 1279 857 1300 an
888 1269 978 1300 einen
1014 1269 1193 1301 Zeitablauf
1217 1269 1369 1311 geknüpft

133 1323 245 1362 werde,
277 1333 310 1354 80
341 1322 386 1354 Sei
416 1328 537 1363 gemäss
569 1322 586 1363 S
614 1325 676 1355 500
706 1323 755 1354 tit.
792 1326 800 1355 9
831 1323 888 1354 Th.
920 1323 943 1354 I.
976 1324 1025 1355 die
1056 1323 1255 1364 zehnjährige
1284 1323 1369 1354 Frist

132 1376 183 1407 für
214 1376 281 1408 eine
310 1376 582 1416 Verjährungsfrit
617 1387 654 1407 zu
684 1377 839 1408 erachten.
900 1376 918 1416 S8
951 1379 1013 1408 500
1046 1377 1098 1407 cit.
1135 1377 1369 1408 charakterisgirt

133 1431 208 1462 aber
244 1431 293 1461 die
324 1430 524 1472 Verjährung
554 1431 599 1461 als
632 1430 700 1461 eine
730 1430 957 1470 Veränderung
987 1439 1046 1460 von
1076 1430 1215 1461 Rechten
1240 1439 1368 1470 wegen

132 1484 430 1516 unterlasSener
453 1484 669 1523 Ausübung
692 1483 839 1515 während
864 1483 949 1514 einer
973 1483 1177 1514 bestimmten
1202 1483 1278 1514 Zeit.
1304 1483 1367 1514 Das

134 1537 359 1570 Obertribunal
383 1538 470 1579 giebt
494 1537 576 1568 denn
601 1537 680 1568 auch
705 1547 752 1574 zu,
778 1537 849 1568 dass
879 1537 960 1568 noch
989 1536 1215 1568 Begitzerwerb
1246 1536 1300 1569 des
1331 1547 1368 1568 zu

132 1592 377 1633 begründenden
408 1592 522 1623 Rechts
554 1590 755 1622 erforderlich
786 1592 839 1622 8ei.
899 1591 986 1622 Dazu
1015 1591 1126 1632 gehört
1155 1592 1235 1622 nach
1269 1591 1287 1631 8
1318 1572 1364 1630 56

104 1643 181 1676 tit.
216 1648 233 1676 7
264 1646 323 1677 Th.
354 1646 378 1677 L
409 1645 445 1676 A.
470 1645 571 1684 L.-R.,
598 1644 669 1675 dass
695 1644 750 1675 der
772 1645 1000 1686 Eigenthümer
1024 1646 1077 1677 des
1103 1656 1140 1676 zu
1163 1644 1366 1676 belastenden

133 1698 351 1730 Grundstücks
376 1710 414 1730 zu
438 1700 539 1729 bauen
564 1699 727 1738 begonnen
751 1699 816 1729 und
846 1699 901 1730 auf
927 1699 1149 1739 Untersagung
1179 1699 1278 1729 davon
1304 1698 1366 1729 Ab-

133 1753 225 1794 Stand
250 1763 433 1795 genommen
458 1753 547 1784 habe.
596 1753 659 1783 Das
691 1752 916 1784 Obertribunal
944 1753 1045 1784 meint
1072 1752 1188 1792 indess,
1220 1752 1302 1791 dass,
1329 1752 1368 1783 da

132 1806 186 1838 das
212 1806 323 1838 Gegetz
349 1807 408 1838 den
432 1807 558 1838 Erwerb
584 1806 640 1837 der
665 1805 805 1837 Servitut
829 1816 867 1837 an
899 1806 948 1838 die
978 1806 1082 1837 blosse
1113 1805 1288 1846 Eröffnung
1312 1805 1367 1836 der

131 1860 263 1891 Fenster
286 1860 401 1902 knüpfe
426 1861 491 1892 und
516 1860 564 1891 die
590 1859 789 1900 zehnjährige
814 1860 899 1891 Frist
922 1869 983 1891 von
1008 1860 1046 1890 da
1070 1869 1109 1890 an
1133 1859 1226 1898 laufe,
1251 1859 1365 1893 keine

131 1913 271 1944 andere
300 1914 494 1945 Annahme
525 1913 697 1954 möglich
726 1913 798 1951 8ei,
836 1915 880 1945 als
911 1914 982 1945 dass
1012 1914 1092 1944 nach
1122 1914 1139 1954 S8
1174 1916 1235 1945 142
1264 1913 1313 1944 tit.
1346 1915 1364 1944 8

131 1967 189 1998 Th.
224 1967 248 1998 1.
273 1967 414 1999 A.1.-R.
440 1968 496 1999 der
519 1967 624 1999 Begitz
650 1966 703 1997 des
729 1976 766 1997 zu
790 1967 1034 2008 begründenden
1051 1967 1166 2001 Rechts
1192 1967 1292 1997 durch
1315 1966 1365 1997 die

130 2020 235 2052 blosse
265 2020 438 2062 Eröffnung
468 2022 522 2052 der
551 2020 683 2052 Fenster
712 2021 870 2052 erworben
899 2021 1011 2053 werde.
1071 2021 1165 2052 Diese
1200 2019 1365 2054 Annahme

131 2074 254 2106 Scheint
277 2084 336 2105 uns
361 2075 436 2106 aber
460 2079 583 2116 gemäss
609 2073 626 2114 8
654 2075 698 2117 66
723 2072 773 2104 tit.
803 2076 819 2104 7
846 2074 903 2105 Th.
929 2074 953 2105 I.
977 2074 1022 2106 "A.
1052 2074 1140 2106 L.-R.
1166 2072 1363 2111 bedenklich,

130 2129 169 2161 da
193 2128 243 2159 die
259 2128 432 2170 Eröffnung
456 2129 511 2161 der
526 2129 658 2160 Fenster
683 2127 750 2159 eine
775 2137 824 2158 res
849 2138 952 2160 merae
977 2128 1137 2160 facultatis
1160 2127 1213 2164 ist,
1231 2126 1365 2157 welcher

130 2184 185 2216 der
209 2182 333 2222 Gegner
349 2182 436 2214 nicht
460 2193 498 2215 zu
514 2182 763 2224 widersprechen
787 2181 966 2223 berechtigt
981 2182 1032 2213 ist.
1081 2182 1145 2213 Der
1161 2180 1363 2220 Berechtigte
