1553 2357
718 50 872 79 WARE
793 50 803 79 €
818 50 872 79 HE

271 147 363 178 Diese
388 145 662 186 Unterscheidung
687 146 808 176 Scheint
830 155 887 176 uns
912 145 1014 176 weder
1037 146 1096 177 mit
1120 149 1178 179 den
1202 151 1331 182 Worten
1357 153 1410 183 des

181 201 343 239 Gegetzes,
374 199 453 230 noch
482 198 541 229 mit
571 198 638 229 den
654 199 809 245 Motiven,
839 198 919 229 noch
946 198 1005 229 mit
1028 199 1084 230 der
1106 200 1208 233 Natur
1233 204 1288 235 der
1313 205 1410 237 Sache

179 255 351 286 vereinbar.

268 309 327 339 Die
351 307 460 339 Worte
485 306 538 337 des
563 305 580 345 S
609 307 669 337 143
699 305 756 344 „in
775 306 893 337 diesem
917 306 1003 337 Fall“
1031 306 1153 338 können
1179 310 1246 341 gich
1275 322 1335 342 nur
1359 313 1415 344 auf

178 359 290 393 beide
321 361 611 400 Vorausgetzungen
642 359 695 391 des
726 359 743 399 S
776 362 839 391 142
868 360 1031 399 beziehen,
1062 360 1149 392 nicht
1178 362 1246 394 blos
1278 365 1334 396 auf
1360 366 1408 397 die

178 416 275 455 erste,
307 416 377 447 dass
408 415 457 446 die
481 414 612 445 Venster
641 413 736 444 Schon
768 416 806 444 10
832 413 926 444 Jahre
956 414 1134 446 vorhanden
1165 416 1232 447 Sein
1255 420 1407 457 müssten,

177 470 216 500 da
251 470 339 500 Sonst
366 470 453 500 hätte
484 468 593 508 gesagt
621 466 744 497 werden
779 470 906 497 müssen
940 467 992 508 „in
1022 468 1150 508 jenem
1180 470 1296 502 Falle“.
1349 473 1407 505 Die

177 523 430 562 Voraussetzung
454 522 507 552 des
532 520 805 552 Vorhandengeins
831 520 886 552 der
909 520 1040 552 Fenster
1064 523 1211 555 verstand
1236 524 1303 556 Sich
1327 527 1408 557 auch

176 586 252 617 ganz
277 586 335 612 von
361 575 472 614 Selbst,
498 574 600 605 zumal
624 574 679 605 der
702 574 719 615 S8
748 576 825 605 144:

337 628 413 659 Sind
437 629 527 660 aber
544 629 593 660 die
610 629 742 660 Fenster
758 629 812 660 des
829 629 988 660 Nachbars
1006 630 1102 660 noch
1125 631 1234 662 nicht
1255 635 1292 664 10
1311 633 1406 665 Jahre

335 683 513 715 vorhanden
537 702 580 706 --

175 738 271 769 Schon
287 737 428 769 deutlich
445 748 547 779 genug
564 738 761 777 ausdrückte,
787 738 857 768 dass
883 738 938 768 der
955 737 972 777 S8
995 740 1053 770 143
1072 747 1131 768 von
1149 737 1220 769 dem
1237 739 1405 780 entgegen-

174 792 333 832 gegetzten
358 792 426 823 Fall
444 792 582 833 Spreche.
630 792 778 832 Dagegen
800 801 861 823 war
886 801 928 831 es,
954 801 1042 822 wenn
1066 791 1144 822 auch
1169 791 1257 823 nicht
1280 793 1406 827 absolut

174 845 388 886 nothwendig,
420 846 459 877 da
490 846 585 877 chon
620 855 674 876 aus
705 846 790 884 dem,
820 845 863 876 im
893 846 909 886 38
944 847 1003 877 143
1034 845 1208 886 gewählten
1238 846 1405 892 Ausdruck

175 897 363 936 „Gebäude“
379 898 485 939 folgte,
504 900 585 936 dass,
600 898 701 929 dieser
718 899 897 939 Paragraph
909 899 941 929 in
958 898 1080 930 Betreff
1089 898 1144 929 der
1159 899 1403 933 Behältnisse

173 950 309 982 dieselbe
321 951 574 992 Voraussetzung
590 951 678 990 habe,
697 951 752 982 wie
770 951 787 992 8
804 954 876 991 142,
895 952 973 983 doch
991 953 1046 984 der
1062 956 1226 993 grösgeren
1239 953 1403 987 Deutlich-

171 1004 236 1035 Keit
252 1014 357 1045 wegen
374 1004 665 1043 wünschenswerth,
689 1004 754 1036 dies
771 1005 850 1036 noch
867 1005 899 1036 in
916 1015 991 1046 ganz
1016 1005 1280 1047 unzweideutiger
1295 1008 1402 1040 Weise

170 1058 433 1089 hervorzuheben.
480 1058 597 1089 Diesen
621 1058 728 1089 Zweck
757 1058 857 1089 haben
888 1068 997 1090 unsres
1021 1059 1192 1091 Erachtens
1219 1060 1268 1091 die
1292 1061 1401 1093 Worte

170 1112 223 1143 des
249 1111 266 1152 S8
294 1114 355 1144 143
384 1111 436 1152 „in
460 1111 560 1142 diesm
583 1111 681 1142 Fall.“

258 1166 321 1196 Das
353 1165 576 1196 Obertribunal
600 1183 641 1186 --
671 1164 798 1195 Entsch.
830 1165 919 1196 Band
950 1168 990 1198 45
1022 1166 1051 1198 S8.
1080 1169 1129 1205 68,
1158 1186 1197 1189 --
1222 1169 1286 1200 will
1315 1170 1400 1201 diege

169 1219 278 1250 Worte
302 1228 362 1249 mur
386 1218 443 1249 auf
464 1217 513 1248 die
538 1218 620 1249 erste
645 1218 897 1260 Voraussetzung
920 1220 1081 1257 beziehen,
1106 1221 1171 1252 und
1196 1222 1327 1254 erkennt
1351 1234 1399 1264 an,

167 1272 238 1303 dass
268 1272 312 1303 Sie
343 1272 424 1302 dann
452 1271 607 1302 incorrect
638 1272 703 1303 Sein
734 1273 869 1305 würden.
917 1274 975 1304 Die
999 1274 1274 1316 Nothwendigkeit
1297 1277 1400 1309 diegser

166 1324 399 1357 beschränkten
411 1324 592 1366 Beziehung
615 1325 729 1367 folgert
753 1336 784 1357 es
810 1328 884 1358 aber
900 1337 959 1358 nur
983 1327 1105 1368 daraus,
1132 1329 1200 1360 weil
1225 1330 1279 1361 der
1296 1331 1400 1364 Inhalt

166 1379 219 1410 des
250 1379 267 1419 S
297 1381 356 1410 143
387 1379 675 1422 unzweideutig
700 1381 826 1422 ergebe,
858 1381 927 1413 dass
959 1382 1007 1413 die
1033 1383 1122 1414 darin
1145 1383 1314 1424 getroffene
1339 1386 1399 1417 Be-

165 1433 337 1475 Stimmung
354 1434 436 1465 dann
449 1444 503 1465 zur
515 1434 719 1476 Anwendung
736 1436 880 1468 kommen
897 1437 982 1476 Solle,
1001 1447 1089 1469 wenn
1104 1437 1153 1468 die
1170 1438 1398 1472 Behälnisse

165 1488 243 1519 noch
268 1488 347 1519 nach
373 1488 458 1520 einer
481 1490 617 1521 anderen
642 1489 724 1521 Seite
749 1491 804 1522 hin
827 1491 958 1523 Fenster
981 1491 1091 1522 haben.

253 1541 324 1573 Wir
353 1547 519 1583 vermögen
549 1544 637 1575 nicht
666 1544 866 1585 einzugehen,
904 1546 959 1577 wie
989 1545 1043 1577 der
1077 1544 1285 1586 Gesetzgeber
1320 1548 1399 1580 dazu

165 1595 308 1627 kommen
334 1596 435 1635 Sollte,
462 1597 531 1627 dem
555 1597 701 1628 Nachbar
725 1598 804 1638 eine,
828 1609 916 1631 wenn
941 1600 1021 1631 auch
1044 1609 1104 1630 nur
1127 1600 1298 1641 geringere,
1324 1603 1399 1634 aber

164 1649 243 1680 doch
273 1649 385 1680 immer
414 1650 495 1680 noch
531 1650 665 1681 Schwere
695 1652 870 1695 Belastung
904 1654 1102 1695 aufzulegen,
1134 1664 1222 1685 wenn
1252 1654 1301 1685 die
1331 1656 1397 1688 Be-

163 1703 356 1734 hältnisse
381 1703 461 1734 noch
484 1713 545 1734 von
570 1704 655 1735 einer
679 1705 814 1736 anderen
839 1707 922 1739 Seite
947 1708 1107 1739 Fenster
1130 1708 1241 1747 haben,
1267 1709 1306 1740 da
1330 1710 1395 1742 die-

164 1757 271 1788 Selben
284 1756 367 1788 dann
380 1757 469 1788 mehr
480 1757 573 1789 Licht
584 1758 686 1789 haben
699 1762 836 1799 mügsgen,
850 1761 895 1792 als
909 1762 963 1793 das
977 1762 1020 1793 im
1032 1761 1049 1801 8
1068 1764 1128 1792 142
1142 1761 1395 1797 charakterizirte

161 1810 337 1842 Minimum.
387 1810 466 1841 Dass
492 1811 508 1851 S8
538 1814 597 1843 143
622 1821 681 1842 von
707 1812 825 1845 diegem
842 1815 911 1846 Fall
935 1816 1062 1856 spricht,
1089 1815 1192 1847 würde
1207 1826 1261 1847 aus
1276 1817 1395 1851 Seinem

162 1864 270 1896 Inhalt
293 1864 372 1895 auch
396 1873 456 1895 nur
481 1864 563 1896 dann
586 1866 870 1910 unzweideutig
894 1869 1116 1910 hervorgehen,
1142 1879 1229 1901 wenn
1254 1871 1309 1903 der
1334 1873 1394 1905 Ge-

162 1918 321 1958 Setzgeber
345 1918 412 1949 Sich
437 1918 491 1949 des
515 1918 697 1951 Ausdrucks
725 1923 1028 1960 „Behältnisse“
1048 1923 1177 1955 bedient
1201 1925 1298 1957 hätte.
1347 1929 1394 1961 Da

160 1982 193 2004 er
222 1972 296 2003 aber
326 1972 408 2012 Sagt:
439 1972 503 2003 Hat
532 1972 565 2003 in
596 1973 714 2005 diesem
739 1975 808 2007 Fall
832 1976 877 2015 (d.
903 1977 933 2008 h.
958 1986 1045 2008 wenn
1071 1977 1120 2008 die
1145 1978 1392 2014 Behältnisge

160 2036 218 2057 von
247 2025 354 2057 keiner
377 2025 512 2057 anderen
543 2026 626 2057 Seite
650 2027 742 2060 Licht
765 2030 893 2071 haben,)
924 2031 976 2062 das
1009 2030 1191 2063 Gebäude
1222 2035 1303 2066 noch
1333 2046 1392 2067 von

159 2080 245 2112 einer
275 2081 407 2112 anderen
434 2079 517 2111 Seite
542 2079 648 2121 Licht,
680 2092 713 2113 80
744 2083 866 2115 Scheint
895 2094 952 2116 uns
982 2084 1134 2116 vielmehr
1163 2089 1392 2131 unzweideutig

158 2144 213 2166 aus
239 2135 418 2167 demselben
441 2135 705 2177 hervorzugehen,
731 2139 802 2169 dass
829 2148 862 2170 er
885 2139 992 2169 nicht
1015 2148 1074 2169 von
1099 2139 1169 2171 dem
1193 2141 1276 2183 Fall,
1301 2153 1389 2175 wenn

158 2189 208 2220 die
225 2189 426 2221 Behältnisse
443 2198 502 2220 von
519 2189 651 2221 anderer
668 2192 751 2224 Seite
767 2193 860 2224 Licht
875 2193 987 2232 haben,
1006 2193 1138 2225 Sondern
1156 2205 1232 2237 ganz
1250 2197 1389 2228 deutlich
