1554 2357
675 56 692 84 17.
698 56 740 84 28
758 56 830 84 MSN

136 151 228 190 kann,
253 150 324 181 falls
351 161 385 182 er
409 151 518 182 Seinen
541 151 610 182 Bau
640 150 729 182 nicht
757 151 922 182 innerhalb
957 153 995 182 10
1021 151 1117 182 Jahre
1148 151 1227 182 nach
1250 150 1370 191 Anlage

137 204 192 236 der
215 204 347 236 Fenster
371 204 520 244 aufführt,
545 214 606 235 was
629 204 696 235 ihm
718 204 789 235 Sehr
805 205 993 245 unbequem,
1015 205 1049 244 ja
1064 204 1158 236 unter
1174 204 1370 236 Umständen

136 268 212 299 ganz
237 258 460 299 unmöglich
487 257 554 289 Sein
577 257 669 288 kann.

225 312 305 343 Dass
336 311 401 343 dies
433 311 501 343 eine
527 311 599 342 Sehr
629 311 768 342 anomale
798 311 864 342 und
894 311 1047 351 unbillige
1072 311 1246 352 Belastung
1273 311 1371 343 freien

136 365 309 406 Eigenthus
340 366 393 405 ist,
429 364 505 396 wird
537 364 619 395 wohl
648 364 735 396 nicht
764 365 797 395 in
827 365 950 396 Abrede
981 375 1018 396 zu
1049 364 1162 396 stellen
1193 365 1269 404 8ein,
1306 365 1370 395 und

135 419 344 451 vollkommen
367 419 426 450 mit
442 418 544 449 Recht
566 417 609 449 ist
633 417 687 449 das
707 418 931 450 Obertribunal
952 418 986 449 in
1003 418 1074 449 dem
1089 418 1369 450 Plenarbeschluss

135 483 207 504 vom
225 476 254 505 9.
272 473 446 504 December
465 474 549 504 1839
568 472 668 504 davon
690 482 919 513 ausgegangen,
944 473 1015 504 dass
1040 472 1090 503 ein
1113 472 1234 503 Solches
1258 472 1370 503 Gegetz

136 537 174 558 zu
192 526 337 558 Gunsten
354 526 408 557 des
425 526 602 557 belasteten
619 526 861 566 Eigenthümers
880 525 1079 558 strictissime
1097 536 1134 557 zu
1149 525 1371 565 interpretiren

135 581 188 613 ist.
237 580 275 612 In
299 580 456 621 gleichem
480 580 622 619 vStreben,
654 580 703 611 die
727 580 826 611 Härte
852 580 904 611 des
930 579 1077 611 Gessatzes
1104 590 1141 611 zu
1165 579 1310 619 mildern,
1336 588 1369 609 80

137 634 208 666 weit
225 644 256 666 es
274 634 387 675 irgend
403 634 460 665 der
472 634 633 665 Wortlaut
649 634 778 672 zulässt,
792 633 848 664 hat
864 633 918 664 das
937 633 1162 664 Obertribunal
1177 633 1211 664 in
1222 633 1371 674 Jüngster

137 689 206 720 Zeit
236 688 449 728 entschieden,
487 688 558 719 dass
591 697 622 719 es
653 690 784 728 genüge,
816 697 904 720 wenn
934 687 989 718 der
1016 686 1284 718 Fensterbegitzer
1314 697 1369 718 aus

136 742 248 783 irgend
273 742 377 774 einem
402 741 495 773 Theil
519 741 573 773 des
598 741 745 772 Fensters
770 740 804 772 in
830 741 885 772 der
908 740 1159 782 unbequemsten
1182 740 1266 781 Lage
1291 740 1371 771 auch

136 805 196 826 nur
219 795 279 827 mit
302 795 413 827 Einem
438 794 527 836 Auge
552 794 614 825 den
637 793 777 825 Himmel
801 804 839 825 zu
863 794 1023 826 erblicken
1047 799 1203 836 vermöge.

226 849 432 889 Dernburg
467 848 636 879 Lehrbuch
671 847 688 887 8
715 850 777 878 221
821 847 901 878 Note
929 850 967 879 10
999 848 1160 888 bekämpft
1184 848 1269 880 diese
1294 848 1370 879 Ent-

138 902 361 943 Scheidungen,
399 903 473 934 aber
508 911 637 933 ungeres
673 901 844 933 Erachtens
880 901 940 932 mit
975 901 1124 933 Unrecht.
1173 901 1281 933 Zweck
1316 901 1370 932 des

138 955 284 988 Gegetzes
308 956 351 987 ist
374 955 472 995 nicht,
499 955 569 987 dass
596 955 652 987 der
675 954 942 987 Fensterbesitzer
970 954 1003 986 in
1032 955 1201 995 bequemer
1226 954 1371 995 Stellung

137 1010 209 1040 den
238 1008 407 1040 Himmel
438 1008 554 1040 gehen
584 1007 723 1048 könne,
757 1008 891 1040 Sondern
927 1008 1014 1040 dass
1049 1007 1127 1039 ihm
1162 1008 1229 1039 das
1265 1008 1371 1039 noth-

137 1063 311 1103 dürftige
336 1062 529 1100 Quantum
552 1071 622 1093 von
645 1061 762 1093 Licht
786 1061 931 1100 bleibe,
955 1071 1016 1092 was
1041 1061 1097 1092 der
1120 1061 1190 1092 Fall
1212 1061 1264 1100 ist,
1282 1070 1371 1092 wenn

136 1116 217 1147 noch
239 1115 351 1157 irgend
371 1115 486 1147 welche
510 1115 544 1146 in
567 1115 733 1146 verticaler
749 1114 909 1154 Richtung
932 1113 1117 1145 kommende
1134 1113 1369 1145 Lichtstrahlen

137 1170 187 1201 die
219 1169 373 1200 Scheiben
403 1168 683 1200 durchschneiden.
743 1167 854 1198 Dieser
889 1166 1008 1198 Beweis
1038 1167 1082 1198 ist
1110 1166 1246 1207 geführt,
1283 1176 1371 1197 wenn

137 1233 209 1255 man
233 1223 314 1254 auch
337 1232 397 1253 nur
420 1222 480 1254 mit
503 1224 615 1255 Einem
638 1223 727 1263 Auge
753 1221 813 1252 den
837 1220 975 1253 Himmel
1000 1221 1158 1253 erblicken
1181 1220 1273 1252 kann.
1311 1219 1370 1251 Die

136 1277 350 1317 Abweichung
375 1276 430 1308 der
455 1277 593 1309 Sehlinie
622 1277 702 1308 nach
726 1276 797 1308 dem
828 1274 968 1307 Himmel
998 1285 1058 1307 von
1088 1275 1144 1307 der
1172 1275 1371 1307 lothrechten

137 1331 301 1363 bestimmt
331 1331 391 1363 den
421 1332 557 1374 Umfang
587 1332 641 1364 der
676 1331 851 1372 Belastung
879 1330 944 1362 und
974 1329 1028 1361 des
1065 1329 1240 1368 Quantums
1265 1329 1368 1369 Licht,

138 1385 267 1417 welches
304 1386 375 1417 dem
410 1387 635 1428 Berechtigten
674 1385 856 1418 verbleiben
891 1393 991 1416 muss.
1036 1383 1095 1414 Die
1131 1384 1190 1415 Art
1226 1384 1281 1415 der
1315 1384 1371 1415 Er-

137 1439 307 1480 mittelung
337 1440 501 1473 derselben
530 1440 703 1480 unterliegt
733 1439 829 1470 daher
859 1437 940 1469 auch
969 1436 1024 1468 der
1060 1436 1157 1477 Regel
1193 1437 1372 1468 striktester

137 1493 384 1535 Interpretation
408 1505 444 1526 zu
470 1494 614 1526 Gunsten
638 1494 692 1525 des
716 1492 894 1524 belasteten
918 1490 1136 1532 Eigenthums.

229 1548 324 1580 Diege
342 1548 503 1580 strikteste
516 1547 762 1589 Interpretation
775 1556 861 1578 muss
876 1544 1190 1578 Selbstverständlich
1202 1544 1371 1577 besonders

138 1603 190 1635 bei
213 1602 357 1643 Prüfung
382 1602 449 1634 der
472 1603 571 1643 Frage
598 1602 762 1641 eintreten,
788 1601 882 1633 unter
911 1600 1049 1632 welchen
1079 1599 1371 1640 Voraussetzungen

139 1658 194 1689 der
209 1656 477 1688 Fensterbegitzer
501 1656 582 1688 denn
599 1656 820 1697 überhaupt
844 1655 912 1687 eine
929 1653 1177 1694 Beschränkung
1201 1653 1255 1684 des
1269 1653 1373 1685 Nach-

138 1712 210 1743 bars
234 1710 268 1742 in
292 1710 461 1752 Anspruch
484 1711 619 1743 nehmen
643 1710 734 1742 kann.
783 1710 848 1741 Aus
874 1709 929 1740 der
945 1708 1047 1740 Natur
1064 1707 1119 1738 der
1136 1707 1233 1738 Sache
1251 1707 1374 1748 ergiebt

139 1765 215 1805 Sich,
242 1764 313 1796 dass
338 1764 446 1797 hierzu
475 1765 520 1796 als
552 1765 649 1796 erstes
675 1763 889 1795 Erforderniss
920 1760 1102 1802 aufgestellt
1126 1760 1250 1792 werden
1274 1770 1371 1799 muss,

140 1819 210 1850 dass
237 1828 270 1850 er
300 1818 367 1850 Sich
395 1819 440 1850 im
468 1817 719 1850 Nothstande
748 1817 894 1848 befinden
922 1819 1037 1857 müsge,
1068 1815 1133 1847 und
1157 1814 1223 1847 dies
1248 1815 1291 1846 ist
1314 1824 1374 1845 nur

140 1872 222 1903 dann
258 1873 314 1904 der
348 1873 427 1913 Fall,
463 1882 553 1904 wenn
583 1881 616 1903 er
646 1871 701 1902 das
732 1871 903 1911 gegetzlich
932 1870 1082 1903 normirte
1116 1868 1286 1900 Minimum
1313 1877 1374 1899 von

135 1925 232 1971 Licht
254 1926 342 1958 nicht
365 1926 454 1958 mehr
476 1926 533 1958 hat
555 1925 621 1957 und
646 1934 678 1956 es
704 1924 771 1955 Sich
801 1925 880 1956 auch
910 1925 989 1956 ohne
1020 1924 1092 1956 Sehr
1121 1922 1374 1955 beträchtlichen

138 1979 292 2011 Aufwand
320 1980 409 2012 nicht
437 1990 475 2012 zu
504 1978 699 2012 verschaffen
727 1977 772 2009 im
802 1978 917 2010 Stande
947 1979 999 2010 ist.
1047 1978 1138 2009 Denn
1163 1976 1248 2008 Seine
1274 1975 1372 2007 Sache

137 2033 180 2065 iSt
210 2042 242 2064 es
272 2033 337 2065 und
365 2034 454 2066 nicht
483 2034 532 2065 die
563 2034 617 2066 des
648 2032 821 2072 Nachbars,
853 2033 960 2065 geinen
992 2032 1187 2064 Gemächern
1217 2029 1312 2061 Licht
1336 2039 1373 2061 zu

137 2087 341 2128 verschaffen,
360 2087 428 2119 eine
452 2086 772 2129 unentgeltliche
793 2086 1042 2127 Beschränkung
1066 2086 1119 2117 des
1145 2083 1243 2115 freien
1260 2083 1374 2124 Eigen-

137 2142 245 2174 thums
277 2140 377 2173 dieges
407 2142 488 2173 lässt
517 2141 584 2173 Sich
614 2141 710 2172 daher
743 2149 803 2171 nur
832 2141 925 2172 unter
954 2141 1050 2181 jenen
1079 2138 1373 2179 Voraussetzungen

137 2194 373 2235 rechtfertigen.
1236 2188 1238 2190 :
