1554 2357
638 45 854 87 GREET
760 45 781 87 15
791 45 854 87 IDEN

147 155 292 186 während
324 155 374 186 die
405 156 484 186 oben
514 154 747 194 mitgetheilten
777 153 894 184 Motive
925 153 1003 185 stets
1035 162 1130 193 Sagen
1164 153 1276 192 „Licht
1306 153 1381 184 und

147 208 314 239 Fenster
348 208 436 245 hat“,
474 208 523 240 die
554 208 591 248 88
625 209 688 239 142
713 207 776 238 und
804 208 866 239 143
892 206 941 237 tit.
969 209 986 238 8
1013 207 1070 238 Th.
1096 207 1120 238 I.
1147 206 1183 238 A.
1209 206 1298 238 L.-R.
1323 216 1384 238 nur

147 272 207 294 von
234 262 367 301 „Licht
389 262 511 293 haben“
540 260 701 301 Sprechen.
749 260 923 301 Uebrigens
941 260 1015 291 aber
1032 260 1145 301 zwingt
1166 260 1221 291 der
1242 260 1383 301 logische

148 316 419 357 ZugSammenhang
443 316 498 347 der
522 315 725 355 Aeusserung
750 314 890 346 Suarez
914 323 1043 345 unseres
1069 314 1240 345 Erachtens
1265 324 1304 345 zu
1328 314 1384 345 der

148 370 321 408 Annahme,
349 369 430 401 dass
462 368 512 400 die
541 368 575 399 in
605 368 707 399 dieser
736 368 926 408 Beziehung,
963 368 1019 399 wie
1049 367 1105 399 wir
1134 368 1283 409 zugeben,
1315 368 1382 399 eine

148 424 311 456 zweifache
335 423 527 463 AuffasSung
551 422 755 454 zulasgenden
779 421 963 453 Ausdrücke
994 421 1049 452 der
1077 421 1114 461 SS
1142 424 1204 453 142
1229 421 1293 453 und
1321 424 1382 454 143

148 478 179 508 in
217 478 287 508 dem
318 487 376 508 von
413 486 472 507 uns
509 476 636 516 geltend
672 476 856 516 gemachten
887 476 965 507 Sinn
1001 475 1190 515 auszulegen
1227 475 1307 514 sind,
1345 476 1385 507 da

149 531 290 563 Suarez
322 531 372 562 die
402 530 506 562 blosse
542 530 827 571 Nothwendigkeit,
864 529 995 561 Fenster
1025 528 1269 567 auszubrechen,
1306 538 1385 560 zwar

151 585 360 616 vollkommen
378 584 552 616 zutreffend
576 585 622 616 als
648 584 716 616 eine
741 584 845 615 blosse
862 583 1181 624 Unbequemlichkeit
1204 583 1278 614 und“
1294 581 1383 614 einen

150 639 237 670 nicht
261 638 512 670 beträchtlichen
535 638 704 670 Nachtheil
727 637 927 676 bezeichnen,
958 637 1032 668 aber
1059 637 1148 668 nicht
1178 637 1259 668 wohl
1289 646 1384 677 Sagen

113 706 118 712 -
148 693 274 735 könnte,
300 693 371 724 dass
408 693 547 724 dadurch
584 693 638 723 das
670 701 786 732 ganze
817 690 999 722 Gebäude
1029 691 1302 721 unbrauchbar
1332 700 1384 731 ge-

148 747 255 778 macht
289 747 353 778 und
385 747 440 778 der
469 746 612 786 völlige
649 746 747 777 Ruin
778 746 832 777 des
870 744 1111 785 Eigenthümers
1147 743 1385 784 herbeigeführt

150 801 260 832 werde.

239 855 308 885 Wir
332 855 432 886 haben
457 864 516 885 uns
542 853 638 884 daher
662 853 741 883 auch
765 853 845 883 nach
870 852 1069 893 Sorgfältiger
1090 852 1233 892 Prüfung
1257 852 1312 883 der
1335 851 1386 882 für

135 902 200 938 die
226 907 520 949 entgegengesetzte
545 906 729 947 Auslegung
753 906 786 937 in
815 906 874 937 den
904 905 1031 936 Entsch.
1059 905 1112 936 des
1143 905 1383 936 Obertribunals

150 961 239 992 Band
264 963 305 993 80
331 961 360 993 S.
388 963 451 993 272
476 960 536 992 mit
559 969 699 1001 grossem
728 959 909 991 Scharfsinn
932 959 1228 1000 hervorgehobenen
1256 957 1384 989 Gründe

149 1024 211 1045 von
241 1015 297 1046 der
322 1014 556 1055 Unrichtigkeit
585 1023 715 1045 unserer
745 1013 879 1044 Ansicht
907 1012 996 1043 nicht
1024 1022 1062 1044 zu
1091 1013 1288 1053 überzeugen
1315 1021 1384 1042 ver-

149 1064 264 1113 mocht.
1374 1080 1377 1082 :

240 1122 343 1154 Wenn
368 1122 423 1153 der
447 1121 622 1162 Gegensatz
648 1122 702 1152 der
725 1120 762 1161 88
791 1121 852 1151 142
877 1119 941 1150 und
975 1120 1036 1150 143
1067 1118 1099 1149 in
1129 1118 1214 1149 Rede
1244 1118 1385 1149 wirklich

151 1176 206 1207 der
229 1180 319 1215 wäre,
351 1176 422 1207 dass
447 1175 464 1216 8
493 1177 556 1206 142
579 1185 639 1206 von
664 1175 735 1206 dem
759 1173 828 1204 Fall
852 1172 992 1213 Spräche,
1018 1181 1106 1202 wenn
1136 1171 1197 1203 die
1228 1171 1385 1202 Behält-

149 1229 256 1260 nis8e
280 1239 341 1268 von
364 1229 471 1260 keiner
495 1229 612 1260 andern
638 1228 721 1259 Seite
745 1227 839 1258 Licht
861 1227 973 1265 haben,
998 1226 1015 1266 S
1045 1228 1105 1257 143
1131 1226 1205 1257 aber
1230 1235 1290 1256 von
1315 1225 1386 1256 dem

151 1283 466 1324 entgegengegetzten
491 1282 568 1321 Fall,
586 1292 674 1313 wenn
700 1282 744 1312 Sie
769 1281 849 1312 noch
866 1291 924 1312 von
950 1280 1036 1312 einer
1059 1280 1176 1311 andern
1194 1279 1277 1310 Seite
1293 1279 1387 1310 Licht

151 1337 261 1376 haben,
288 1347 320 1368 80
338 1337 452 1376 würde,
479 1336 517 1367 da
539 1336 623 1367 diese
640 1336 752 1367 beiden
771 1334 987 1366 Alternativen
1005 1334 1082 1365 alle
1104 1333 1282 1365 denkbaren
1299 1333 1386 1364 Fälle

150 1391 319 1430 umfasgen,
346 1401 401 1422 aus
427 1391 498 1422 dem
523 1390 634 1421 Gegetz
659 1390 774 1430 folgen,
800 1389 871 1419 dass
897 1389 952 1419 der
972 1388 1118 1419 Nachbar
1141 1388 1258 1418 unter
1281 1387 1387 1418 allen

150 1444 392 1476 Umständen
420 1444 479 1475 mit
508 1443 627 1474 Seinem
663 1444 729 1473 Bau
757 1442 790 1472 in
821 1442 877 1473 der
907 1441 997 1472 einen
1028 1441 1103 1471 oder
1133 1441 1250 1471 andern
1280 1440 1386 1471 Weise

151 1509 183 1530 80
200 1499 273 1530 weit
297 1498 530 1530 zurückrücken
553 1500 669 1535 müsse,
695 1496 765 1527 dass
791 1496 846 1526 der
863 1494 1087 1526 Hausbesitzer
1111 1494 1168 1525 den
1187 1493 1326 1525 Himmel
1354 1493 1387 1524 in

150 1552 319 1584 vertikaler
343 1552 504 1593 Richtung
528 1551 623 1582 Sehen
647 1550 758 1589 könne,
781 1549 879 1581 Selbst
895 1558 984 1580 wenn
1009 1548 1076 1580 Sein
1093 1548 1180 1580 Haus
1207 1547 1294 1579 8o0nst
1310 1557 1387 1588 ganz

150 1607 209 1639 frei
240 1607 352 1639 Stände
383 1606 448 1638 und
479 1615 570 1647 80gar
600 1604 649 1635 die
679 1604 889 1643 Behältnisse,
926 1613 982 1635 vor
1017 1603 1117 1635 denen
1153 1603 1270 1644 gebaut
1300 1601 1387 1638 wird,

152 1661 269 1693 bereits
294 1671 354 1692 von
377 1661 541 1692 mehreren
567 1658 672 1690 Seiten
702 1658 834 1690 Fenster
864 1658 976 1689 haben.
1024 1657 1140 1699 Irgend
1170 1656 1221 1688 ein
1250 1656 1330 1695 Fall,
1355 1655 1388 1687 in

153 1716 224 1747 dem
241 1725 308 1756 gar
325 1715 432 1746 nicht
450 1713 697 1754 zurückgerückt
713 1723 751 1744 zu
766 1713 889 1744 werden
907 1712 1069 1751 brauchte,
1096 1721 1149 1742 um
1174 1711 1246 1741 dem
1263 1710 1389 1751 Gegner

153 1769 213 1800 den
236 1769 303 1800 ihm
331 1769 429 1800 durch
460 1768 520 1799 den
544 1767 672 1799 Vorbau
702 1767 893 1807 entzogenen
923 1765 1058 1797 Anblick
1087 1764 1140 1796 des
1171 1764 1330 1800 Himmels
1352 1770 1389 1794 zu

128 1839 131 1842 -
154 1823 302 1862 Schaffen,
327 1823 432 1855 würde
458 1821 547 1853 nicht
571 1820 729 1853 existiren.

243 1877 285 1908 Es
316 1877 359 1908 ist
388 1885 517 1908 ungeres
542 1875 714 1907 Erachtens
744 1873 937 1913 undenkbar,
969 1872 1040 1904 dass
1078 1872 1133 1904 der
1169 1871 1389 1912 Gesetzgeber,

154 1931 288 1963 welcher
313 1931 363 1963 die
388 1932 466 1962 oben
490 1928 726 1971 mitgetheilten
742 1928 859 1959 Motive
885 1926 1091 1968 geschrieben
1114 1925 1180 1964 hat,
1198 1925 1249 1957 ein
1266 1924 1388 1956 Solches

155 1984 269 2017 Gegetz
298 1985 354 2016 hat
384 1985 553 2017 aufstellen
581 1983 703 2021 wollen,
728 1981 861 2013 welches
894 1981 966 2013 dem
995 1980 1142 2012 Nachbar
1172 1979 1257 2011 eines
1287 1978 1390 2009 Haus-

154 2039 304 2070 begitzers
337 2033 386 2071 die
411 2038 651 2080 Verpflichtung
680 2035 822 2076 auflegen
851 2036 966 2075 würde,
1003 2034 1123 2066 diegem
1158 2033 1218 2065 den
1253 2030 1390 2063 Anblick

156 2094 210 2125 des
246 2093 400 2124 Himmels
436 2093 501 2124 und
540 2101 619 2124 zwar
655 2089 768 2132 gerade
803 2088 837 2120 in
872 2089 958 2121 einer
993 2088 1196 2120 bestimmten
1230 2086 1392 2126 Richtung

155 2143 213 2180 aus
241 2147 443 2179 bestimmten
474 2146 627 2178 Fenstern
657 2155 695 2176 zu
724 2143 929 2183 verschaffen,
959 2147 1072 2184 mögen
1103 2141 1185 2173 auch
1214 2139 1274 2171 alle
1305 2138 1391 2171 Seine

157 2201 332 2237 Gemächer
356 2201 511 2241 tageshell
537 2200 614 2232 Sein.
