1564 2357
275 724 329 778 Es
347 747 450 779 dürfte
468 748 592 780 Keinem
609 747 836 788 Widerspruch
853 747 1025 788 begegnen,
1049 755 1138 777 wenn
1155 745 1210 777 wir
1226 745 1417 792 behaupten,

186 806 256 836 dass
282 806 399 848 wenige
424 807 684 847 Bestimmungen
713 816 843 838 unserer
868 805 1100 837 Gesetzbücher
1132 815 1164 836 80
1194 805 1257 836 viel
1281 806 1416 848 Zweifel,

185 859 343 898 Prozesse,
370 860 436 891 Sich
466 860 754 901 widersprechende
783 859 1058 900 Entscheidungen
1090 859 1144 890 der
1175 857 1321 891 Gerichte
1352 863 1418 894 und

185 913 348 944 erbitterte
373 914 615 944 Feindschaften
643 914 737 944 unter
767 913 827 944 den
856 913 1002 944 Parteien
1032 912 1274 953 hervorgerufen
1302 914 1416 956 haben,

184 965 239 996 wie
265 966 314 997 die
339 965 377 1006 88
406 968 467 997 142
492 967 556 998 und
584 969 645 999 143
670 967 719 998 tit.
755 969 764 997 8
790 966 847 997 Th.
873 966 897 997 1.
926 966 961 997 A.
986 966 1075 997 L.-R.

274 1020 408 1051 Ungeres
434 1021 605 1052 Erachtens
630 1021 709 1061 liegt
733 1021 788 1051 der
806 1019 917 1050 Grund
941 1019 1039 1058 darin,
1066 1020 1136 1050 dass
1155 1020 1205 1050 die
1222 1020 1416 1054 Redactoren

186 1074 218 1104 in
244 1073 411 1105 dengelben
429 1085 488 1106 von
514 1075 573 1106 den
598 1073 794 1105 natürlichen
811 1072 1105 1113 Rechtsprinzipien
1130 1073 1329 1114 abgewichen
1348 1077 1417 1109 Sind

186 1128 252 1158 und
277 1128 458 1159 ausgerdem
481 1128 581 1159 ihrem
595 1126 764 1158 Gedanken
789 1125 880 1156 einen
903 1126 991 1157 nicht
1015 1127 1180 1167 genügend
1204 1128 1312 1161 klaren
1336 1130 1417 1162 Aus-

186 1181 284 1212 druck
307 1182 446 1222 gegeben
469 1181 581 1212 haben.

274 1234 363 1265 Nach
391 1233 588 1265 vatürlichen
612 1232 938 1273 Rechtsgrundsätzen
964 1233 1007 1264 ist
1032 1234 1087 1265 der
1110 1234 1339 1276 Eigenthümer
1363 1239 1417 1269 des

186 1287 294 1319 Grund
308 1286 373 1317 und
387 1286 510 1317 Bodens
525 1286 606 1317 auch
618 1286 844 1327 Eigenthümer
857 1287 910 1318 des
924 1288 1002 1319 über
1015 1288 1195 1320 demselben
1209 1290 1417 1324 befindlichen

184 1339 393 1378 Luftraumes,
412 1339 476 1371 al80
498 1340 578 1372 nach
600 1340 671 1372 dem
696 1339 881 1380 Grundsatz,
905 1341 957 1382 qui
975 1351 1030 1373 uo
1043 1342 1115 1382 jure
1132 1343 1243 1383 utitur,
1261 1345 1418 1378 neminem

185 1393 293 1434 laedit,
319 1393 398 1425 auch
424 1394 506 1427 dann
529 1395 717 1437 berechtigt,
743 1396 914 1428 denselben
937 1396 996 1428 mit
1013 1395 1187 1429 Gebäuden
1211 1399 1416 1441 auszufüllen,

184 1457 273 1479 wenn
303 1448 358 1479 der
386 1448 531 1481 Nachbar
562 1450 701 1482 dadurch
732 1450 873 1482 Schaden
904 1450 1009 1482 leidet.
1058 1451 1136 1482 Will
1161 1451 1263 1483 dieser
1287 1453 1419 1486 Fenster

185 1502 266 1533 nach
289 1502 442 1534 fremdem
459 1503 569 1535 Grund
593 1504 657 1535 und
675 1505 783 1536 Boden
807 1504 862 1535 hin
886 1505 998 1545 haben,
1024 1514 1057 1536 80
1081 1505 1179 1536 ist'
1153 1502 1184 1548 es
1205 1505 1289 1536 Seine
1308 1506 1416 1548 Sache,

184 1555 280 1588 ihnen
304 1557 403 1588 durch
419 1557 545 1588 Erwerb
571 1558 624 1589 des
641 1559 848 1599 Eigenthums
875 1559 928 1590 des
947 1560 1024 1591 dazu
1047 1559 1287 1599 nothwendigen
1300 1560 1417 1594 Raums

185 1610 260 1641 oder
277 1610 362 1642 einer
380 1610 521 1641 Servitut
537 1610 591 1642 das
610 1611 829 1644 erforderliche
846 1613 940 1645 Licht
956 1624 993 1645 zu
1010 1613 1143 1645 Sichern.
1191 1613 1256 1644 Der
1271 1613 1418 1648 Nachbar

184 1664 239 1695 hat
257 1664 334 1695 dazu
349 1664 440 1695 keine
457 1664 706 1705 Verpflichtung.
755 1665 794 1697 So
820 1667 1016 1699 entscheidet
1039 1667 1120 1698 auch
1135 1666 1251 1706 Ulpian
1274 1667 1307 1698 in
1330 1668 1380 1700 lex
1398 1674 1415 1702 9

185 1718 251 1748 und
274 1718 442 1750 Marcellus
466 1718 499 1749 in
523 1718 572 1749 lex
600 1721 638 1750 10
664 1719 691 1749 D
717 1719 754 1750 de
780 1721 886 1752 Sexrvit.
911 1721 1015 1761 praed.
1041 1721 1111 1751 urb.
1136 1720 1181 1760 (8,
1209 1719 1251 1761 2).

274 1771 338 1803 Das
367 1771 404 1803 A.
429 1771 517 1803 L.-R.
547 1771 659 1803 weicht
688 1782 743 1804 aus
774 1773 923 1806 Gründen
948 1774 1003 1805 der
1030 1773 1227 1805 natürlichen
1251 1774 1417 1816 Billigkeit

185 1835 245 1857 von
269 1825 376 1857 diesen
401 1825 618 1857 Grundsätzen
643 1825 691 1865 ab,
716 1826 822 1858 indem
848 1837 879 1859 es
904 1827 975 1859 dem
1000 1826 1253 1867 Grundbegitzer,
1285 1828 1341 1869 der
1365 1840 1416 1862 zu-

184 1879 275 1920 fällig
299 1880 403 1910 zuerst
427 1878 543 1920 gebaut
573 1878 639 1909 und
666 1879 799 1912 Fenster
827 1881 907 1923 nach
938 1881 991 1912 des
1020 1880 1182 1912 Nachbars
1214 1880 1417 1916 Grundstück

185 1933 330 1975 angelegt
342 1933 417 1972 Hat,
443 1932 523 1964 nach
539 1932 659 1964 Ablauf
678 1943 739 1965 von
766 1938 804 1967 10
818 1936 936 1967 Jahren
960 1935 1027 1966 eine
1053 1934 1113 1965 den
1137 1934 1254 1966 andern
1270 1936 1417 1970 Nachbar

185 1987 303 2018 Schwer
332 1986 513 2018 belastende
543 1986 777 2027 Legalservitut
807 1989 972 2028 einräumt,
1008 1997 1070 2019 was
1101 1988 1415 2023 Selbstverständlich

184 2050 238 2072 zur
263 2041 406 2082 grögsten
430 2040 528 2071 Härte
553 2049 651 2081 gegen
675 2041 828 2074 letzteren
851 2042 962 2073 führen
986 2041 1078 2072 kann.
1377 2058 1413 2084 NEE
1523 2084 1526 2088 :

272 2095 346 2126 Man
372 2093 496 2125 streitet
521 2093 598 2124 über
626 2094 686 2126 den
710 2096 956 2137 Erwerbsgrund
986 2094 1088 2126 dieser
1113 2094 1262 2128 Servitut.
1309 2086 1538 2141 Koh

184 2148 282 2180 findet
311 2149 343 2180 in
373 2149 428 2180 der
457 2147 677 2189 zehnjährigen
707 2151 792 2182 Frist
821 2151 889 2182 eine
913 2148 1189 2191 Erklärungsfrist,
1215 2153 1295 2183 nach
1319 2153 1427 2194 deren

184 2201 304 2233 Ablauf
330 2206 554 2243 angenommen
583 2202 694 2243 werde,
730 2204 800 2235 dass
832 2204 886 2235 der
914 2202 1066 2234 belastete
1100 2203 1327 2245 Eigenthümer
1355 2205 1414 2236 mit
