1554 2357
684 50 727 81 --
753 50 861 79 16
823 50 861 81 =

153 149 366 188 Sogenannten
384 146 635 178 Schweizerdach
651 146 803 177 vergehen
818 145 871 184 ist,
894 146 949 177 der
965 146 1114 178 Kinwand
1132 148 1309 187 begründet
1333 148 1387 187 sei,

153 202 223 232 dass
248 202 349 233 dieses
375 201 443 232 eine
468 210 501 232 80
526 210 633 242 grosse
657 199 872 241 Abweichung
900 200 956 232 der
980 200 1119 232 Sehlinie
1143 210 1202 232 von
1227 202 1282 233 der
1305 202 1388 234 loth-

152 256 281 298 rechten
316 255 466 296 bedinge,
506 255 577 286 dass
615 253 752 284 dieselbe
788 254 1011 295 überhaupt
1046 255 1157 286 keine
1193 256 1387 287 vertikale

150 310 347 350 Richtung
381 310 488 341 mehr
522 308 629 339 habe.
677 307 806 339 Danach
835 309 941 340 würde
971 308 1026 339 der
1059 308 1283 342 Hausbezgitzer
1313 311 1388 341 aber

150 364 267 396 immer:
292 364 372 396 noch
401 361 580 402 berechtigt
603 361 686 401 Sein,
717 362 816 394 durch
844 361 1102 403 ungewöhnliche
1126 362 1386 405 Kinrichtungen,

137 417 206 448 'wie
237 417 451 457 übermässige
482 415 580 447 Dicke
609 416 665 448 der
691 416 822 447 Mauern
852 416 917 447 und
945 415 1051 446 weites
1077 415 1303 449 Zurücktreten
1332 418 1386 449 des

150 472 297 503 Fensters
311 471 391 502 nach
405 470 459 501 der
480 470 609 501 inneren
623 470 843 509 Mauerfläche,
860 470 1070 510 Anbringung
1093 478 1153 500 von
1169 469 1289 501 Erkern
1313 472 1388 502 oder

151 526 313 557 Balkonen
339 525 407 555 eine
424 523 639 564 Abweichung
663 524 717 555 der
734 523 871 555 Sehlinie
896 534 955 555 von
980 524 1035 555 der
1054 523 1252 555 lothrechten
1276 524 1325 555 bis
1349 535 1387 555 zu

151 583 192 612 45
219 578 304 610 Grad
329 588 366 609 zu
382 578 548 618 bewirken,
574 578 720 610 während
738 577 787 609 die
804 577 1018 619 Abweichung
1034 579 1127 610 unter
1150 578 1384 619 gewöhnlichen

151 631 394 664 Verhältnissen
423 642 483 664 nur
512 633 590 664 etwa
620 635 637 664 5
667 632 715 663 bis
748 633 787 663 10
813 630 898 663 Grad
926 631 1075 672 betragen
1104 632 1216 664 dürfte.
1264 633 1322 663 Ein
1352 642 1385 663 80

151 685 391 718 Schwankender
406 687 563 718 Mässstab
588 685 691 717 dürfte
714 686 826 717 immer
849 685 929 716 noch
953 685 1165 726 ungegeignet
1190 686 1267 724 Sein,
1292 686 1385 716 Allen

151 739 289 781 gleiches
315 740 416 772 Recht
439 740 504 771 und
528 738 648 779 gleiche
673 738 749 770 Last
777 749 993 777 zuzumessen,
1024 740 1063 771 da
1093 739 1158 771 Sich
1189 739 1307 771 danach
1332 740 1387 770 der

151 794 219 825 eine
243 793 445 834 Berechtigte
475 792 534 824 mit
565 792 650 823 einer
680 790 742 822 fast
770 791 1000 830 vollständigen
1025 791 1220 822 Dunkelheit
1243 794 1386 831 genügen

150 848 264 887 lassen,
290 848 345 879 der
369 847 483 878 andere
507 845 589 876 volle
614 844 800 885 TageShelle
826 844 1062 885 beanspruchen
1086 844 1212 884 könnte,
1238 844 1293 875 der
1318 844 1386 875 eine

150 901 373 942 Verpflichtete
397 899 516 940 wenige
540 899 619 931 Fuss
650 909 709 931 von
739 900 793 932 der
818 899 937 931 Grenze
962 899 1012 931 ein
1037 899 1261 940 vierstöckiges
1286 900 1383 938 Haus,

150 955 200 986 ein
229 955 360 987 anderer
389 954 463 986 aber
491 953 524 985 in
549 953 634 986 einer
656 954 855 994 Entfernung
884 963 944 985 von
976 956 1016 986 30
1041 954 1121 985 Fuss
1151 953 1240 985 nicht
1269 953 1384 984 einmal

150 1008 200 1040 ein
225 1008 454 1050 zweistöckiges
480 1007 644 1040 aufführen
669 1007 782 1040 dürfte.

239 1063 298 1094 Die
322 1062 360 1103 88
390 1065 450 1094 142
478 1062 542 1093 und
570 1064 631 1093 143
661 1062 711 1093 tit.
738 1064 756 1092 8
782 1061 839 1092 Th.
864 1061 890 1092 1
914 1061 951 1092 A.
980 1061 1068 1093 1.-R.
1100 1060 1384 1092 bieten
1213 1060 1227 1103 :
1239 1060 1384 1092 hiernach

149 1116 235 1148 einer
258 1116 426 1157 gerechten
450 1114 515 1146 und
544 1114 696 1154 unbillige
720 1113 841 1144 Härten
865 1113 1157 1144 ausschliessenden
1181 1114 1386 1154 Anwendung

150 1180 182 1201 80
200 1179 306 1211 970886
321 1168 606 1210 Schwierigkeiten,
623 1167 693 1199 dass
708 1167 763 1199 der
776 1166 917 1199 Wunsch
931 1165 1170 1208 gerechtfertigt
1186 1165 1253 1196 Sein
1270 1166 1384 1203 dürfte,

149 1233 181 1256 es
205 1229 295 1265 möge
321 1224 381 1255 den
405 1222 675 1264 gegetzgebenden
691 1223 846 1254 Faktoren
871 1221 1015 1263 gefallen,
1041 1222 1100 1253 den
1119 1219 1385 1253 Grundbesitzern

147 1278 212 1309 und
242 1278 303 1309 den
327 1277 497 1308 Gerichten
526 1277 579 1308 des
604 1277 726 1308 Landes
758 1276 808 1307 die
838 1285 944 1316 grosse
968 1276 1134 1307 Wohlthat
1162 1285 1200 1305 zu
1224 1274 1383 1310 erweisen,

149 1332 193 1363 Sie
217 1331 387 1372 möglichst
410 1331 485 1363 bald
509 1331 713 1363 aufzuheben.
