1554 2357
694 59 869 88 ZEUEN
775 59 795 88 52
806 59 869 88 200024

163 154 353 193 emendiren,
378 164 432 185 um
457 154 594 186 dieselbe
619 155 799 195 überhaupt
822 155 881 186 mit
905 155 976 187 dem
992 155 1152 187 Wortlaut
1176 156 1230 187 des
1249 155 1395 188 Gegetzes

161 208 340 249 vereinigen
365 218 402 239 zu
426 208 559 247 Können,
585 208 671 239 diese
695 208 881 249 Auslegung
909 210 983 240 aber
1013 209 1063 240 ein
1088 210 1233 241 Regultat
1263 210 1395 250 ergiebt,

160 262 216 294 wie
242 272 273 294 es
299 262 370 293 dem
395 262 502 294 Zweck
526 262 579 294 des
605 261 763 301 Gesetzes,
790 262 845 293 der
868 262 1129 295 Lichtnothdurft
1152 264 1205 295 des
1232 263 1396 296 Gebäude-

159 317 309 348 besitzers
335 316 530 355 abzuhelfen,
556 316 620 347 und
645 316 704 346 den
721 316 860 348 Motiven
885 316 938 348 des
964 316 1189 358 Gesetzgebers
1215 318 1303 350 nicht
1328 320 1395 350 ent-

160 371 289 411 Spricht,
316 380 349 403 80
371 371 508 412 glauben
523 369 580 401 wir
595 369 676 401 trotz
694 370 748 402 der
764 381 823 402 uns
842 370 1169 412 entgegenstehenden
1187 373 1394 414 gewichtigen

158 425 224 456 und
252 424 539 465 überwältigenden
569 423 732 464 Majorität
761 425 939 466 behaupten
969 434 1007 456 zu
1037 425 1158 464 dürfen,
1184 426 1255 457 dass
1281 436 1393 458 unsere

158 478 345 520 Auslegung
370 478 430 509 den
453 477 579 519 Vorzug
602 478 755 510 verdient.

248 532 288 563 Es
315 531 475 572 erledigen
493 532 560 563 Sich
585 532 684 564 durch
700 532 839 565 diegelbe
856 534 998 575 zugleich
1014 533 1094 566 viele
1112 534 1218 565 bisher
1233 534 1392 566 ventilirte

159 585 366 626 Streitfragen
391 595 467 627 ganz
492 596 552 617 von
576 587 685 618 Selbst.
733 587 781 618 Ist
803 588 887 619 erste
904 587 1093 630 Bedingung
1118 588 1203 620 einer
1219 588 1394 630 Belastung

157 641 211 671 des
247 640 409 671 Nachbars
446 640 634 681 überhaupt,
672 641 742 672 dass
774 650 807 672 er
842 641 896 673 das
927 641 960 672 in
996 641 1013 681 8
1047 643 1109 673 142
1141 643 1391 675 characterigirte

156 694 324 726 Minimum
347 703 408 726 von
430 694 524 725 Licht
547 694 636 725 nicht
666 695 755 726 mehr
784 695 901 733 behält,
933 695 1006 726 oder
1036 704 1067 725 es
1100 695 1166 726 Sich
1194 696 1283 727 nicht
1312 697 1391 728 ohne

157 748 359 780 erheblichen
388 747 652 779 Kostenaufwand
681 748 876 780 verschaffen
905 749 998 788 kann,
1030 758 1062 780 80
1092 749 1233 781 versteht
1262 759 1294 781 es
1325 750 1391 781 Sich

157 811 234 843 ganz
250 811 311 833 von
334 793 444 841 Selbst,
470 801 541 833 dass
567 811 599 833 es
624 801 821 843 gleichgiltig
844 802 896 842 ist,
914 802 1017 834 woher
1034 803 1135 835 dieses
1152 803 1245 835 Licht
1261 803 1389 842 kommt,

157 856 196 886 ob
221 855 320 887 durch
345 855 395 887 die
419 856 592 887 verbauten
616 856 748 887 Fenster
772 856 847 887 oder
871 856 970 888 durch
995 856 1118 896 andere,
1150 858 1188 888 ob
1213 858 1392 899 überhaupt

156 910 256 941 durch
284 909 415 941 Fenster
445 909 520 941 oder
549 909 665 940 andere
694 909 967 951 Lichtöffnungen,
992 910 1048 942 wie
1074 921 1097 942 z.
1123 911 1161 942 B.
1187 911 1389 950 Glasthüren,

156 963 194 994 ob
211 972 266 994 aus
292 963 362 994 dem
380 963 492 994 Freien
519 963 594 994 oder
617 973 672 995 aus
696 964 799 995 einem
823 964 989 1005 genügend
1004 965 1109 996 hellen
1134 965 1391 997 umschlosSenen

154 1017 265 1056 Raum,
292 1017 330 1048 ob
349 1026 417 1048 vom
441 1016 581 1049 Himmel
604 1017 637 1048 in
662 1018 792 1058 gerader
816 1017 977 1058 Richtung
1000 1018 1080 1049 nach
1106 1019 1176 1050 dem
1200 1019 1327 1050 Vorbau
1353 1030 1390 1050 zu

154 1070 229 1102 oder
264 1070 429 1110 Seitwärts,
467 1071 505 1102 ob
534 1080 606 1102 man
636 1071 696 1102 den
727 1071 866 1102 Himmel
895 1071 1072 1106 überhaupt
1101 1073 1164 1102 und
1194 1072 1226 1103 in
1257 1073 1390 1104 welcher

153 1124 312 1165 Richtung
335 1134 409 1156 man
431 1124 486 1155 ihn
512 1124 608 1156 Sehen
631 1124 723 1156 kann.
772 1124 836 1155 Das
859 1123 954 1155 allein
971 1124 1159 1155 Erhebliche
1176 1125 1229 1164 ist,
1254 1127 1298 1157 ob
1323 1128 1387 1158 das

153 1178 236 1210 dem
271 1178 438 1210 Gemach
467 1178 719 1210 verbliebene
756 1177 845 1209 oder
878 1177 955 1209 ihm
991 1178 1204 1210 anderweit
1239 1189 1281 1210 zu
1310 1189 1389 1211 ver-

153 1232 380 1265 Schaffende
403 1232 519 1264 Licht
543 1232 611 1263 das
637 1231 827 1270 Quantum
852 1232 1012 1273 erfüllt,
1038 1233 1169 1265 welches
1199 1233 1217 1274 S8
1252 1236 1312 1266 142
1342 1234 1388 1266 als

151 1286 205 1316 das
229 1286 476 1327 nothdürftigste
500 1285 668 1317 Minimum
696 1287 929 1318 characterisirt
947 1306 990 1310 --
1015 1287 1053 1319 ef.
1082 1288 1161 1319 auch
1184 1288 1388 1329 Dernburg

150 1349 180 1370 u.
208 1349 234 1370 a.
260 1339 296 1371 0.
322 1339 402 1371 Note
431 1342 481 1371 10.

241 1392 356 1425 Grosse
388 1393 664 1435 Schwierigkeiten
700 1394 840 1436 dagegen
875 1395 982 1426 macht
1012 1395 1182 1435 allerdings
1218 1396 1268 1427 die
1298 1396 1387 1428 Fest-

152 1447 291 1489 Stellung
315 1447 371 1479 des
395 1457 466 1479 vom
491 1447 604 1480 Gesetz
634 1447 857 1488 aufgestellten
881 1448 1207 1489 Minimalquantums,
1232 1449 1303 1481 weil
1332 1450 1388 1481 der

148 1500 182 1532 in
212 1501 316 1533 dieger
345 1502 526 1542 Beziehung
554 1501 756 1541 aufgestellte
785 1501 943 1533 Massstab
972 1511 1101 1534 ungeres
1132 1502 1304 1535 Erachtens
1336 1504 1387 1535 ein

150 1554 306 1587 durchaus
331 1556 556 1597 ungeeigneter
578 1555 631 1586 ist.

239 1609 278 1640 So
303 1609 365 1641 viel
389 1610 513 1641 Scheint
536 1608 593 1641 uns
619 1610 700 1642 nach
730 1610 843 1652 obigen
867 1611 1115 1654 Ausführungen
1143 1612 1384 1651 unzweifelhaft,

149 1663 220 1695 dass
252 1664 307 1695 das
333 1663 445 1697 Gegetz
475 1663 563 1694 nicht
593 1663 653 1695 den
678 1664 795 1705 Zweck
816 1666 918 1697 haben
947 1666 1038 1704 kann,
1065 1667 1136 1698 dem
1160 1666 1386 1699 Hausbegitzer

147 1719 241 1750 unter
277 1718 361 1750 allen
395 1716 592 1749 Umständen
628 1717 699 1749 den
734 1720 903 1751 Anblick
938 1720 1002 1752 des
1039 1720 1223 1751 Himmels
1254 1731 1291 1752 zu
1319 1730 1385 1751 ver-

149 1772 297 1811 Schaffen,
328 1772 461 1804 Sondern
485 1781 545 1803 nur
568 1771 634 1803 ihm
659 1773 709 1804 ein
732 1774 929 1820 bestimmtes
954 1774 1123 1806 Minimum
1146 1784 1207 1806 von
1230 1775 1324 1807 Licht
1347 1785 1384 1805 zu

148 1826 281 1865 Sichern,
306 1826 372 1858 und
396 1827 469 1858 dass
494 1826 548 1857 das
572 1825 786 1858 Erforderniss
811 1828 865 1859 des
889 1828 1040 1860 Anblicks
1066 1829 1120 1860 des
1145 1829 1299 1861 Himmels
1324 1839 1384 1860 nur

147 1880 203 1911 als
228 1880 422 1912 Massstab
446 1880 498 1912 für
521 1880 622 1912 dieses
647 1880 815 1913 Minimum
839 1882 952 1914 dienen
976 1883 1046 1915 Soll.

238 1934 562 1966 Selbstverständlich
596 1943 683 1965 muss
713 1934 816 1966 diesger
839 1936 1015 1968 Maassstab
1045 1936 1096 1968 für
1126 1937 1187 1968 alle
1214 1937 1301 1969 Fälle
1333 1937 1383 1968 ein

148 1987 287 2027 gleiches
305 1987 465 2026 Quantum
489 1997 549 2019 von
564 1987 658 2019 Licht
681 1989 745 2019 und
771 1988 820 2019 ein
847 1990 984 2030 gleiches
1003 1991 1107 2022 Maass
1131 2000 1191 2022 von
1208 1991 1383 2031 Belastung

146 2050 318 2080 zumessen,
344 2041 384 2073 da
408 2042 510 2073 erstes
528 2042 743 2073 Erforderniss
770 2042 825 2073 der
841 2042 1079 2085 Gerechtigkeit
1102 2045 1155 2083 ist,
1182 2042 1252 2075 dass
1270 2044 1382 2076 Jedem

145 2095 204 2126 mit
221 2095 376 2135 gleichem
392 2096 497 2128 Maass
515 2105 679 2137 gemesgen
696 2096 807 2127 werde.
854 2097 924 2129 Wir
940 2098 1041 2130 haben
1059 2099 1156 2130 daher
1173 2098 1253 2129 auch
1269 2098 1382 2131 keinen

145 2147 280 2187 Zweifel,
306 2149 377 2181 dass
402 2150 458 2182 der
482 2150 692 2191 Gegetzgeber
716 2150 903 2191 geglaubt
926 2152 991 2192 hat,
1016 2152 1059 2183 im
1083 2152 1101 2193 8
1126 2153 1188 2184 142
1214 2151 1265 2182 cit.
1290 2152 1381 2185 einen

145 2202 272 2234 Solchen
297 2202 473 2235 Maassstab
498 2204 715 2236 aufzustellen.
763 2203 801 2236 In
831 2205 934 2237 dieger
957 2206 1138 2246 Beziehung
1166 2205 1223 2236 hat
1252 2215 1285 2237 er
1315 2207 1381 2239 Sich
