1554 2357
682 56 743 84 TIE
760 56 837 84 ZEEEER

302 151 420 182 andern
445 151 529 181 Seite
552 151 660 188 Licht,
686 160 718 181 80
742 150 786 181 ist
810 160 841 182 es
866 160 985 191 genug,
1010 161 1099 182 wenn
1124 152 1179 182 der
1203 162 1282 183 neue
1307 153 1375 182 Bau

300 214 359 235 nur
390 205 497 235 Soweit
526 204 728 243 zurücktritt,
760 205 831 235 dass
862 205 918 235 der
940 204 1087 235 Nachbar
1111 215 1166 235 aus
1192 205 1252 236 den
1277 216 1374 246 unge-

301 258 436 289 öffneten
467 258 620 289 Fenstern
659 257 712 288 des
749 258 876 289 zweiten
912 258 1104 289 Stockwerks
1142 259 1202 289 den
1236 259 1375 290 Himmel

300 312 395 343 Schen
418 312 528 343 könne.

230 375 288 406 Die
318 375 421 412 Fälle,
453 384 542 405 wenn
578 374 642 405 das
678 375 906 406 Behältniss
942 374 1022 405 noch
1054 384 1112 405 von
1143 375 1227 406 einer
1256 377 1373 407 andern

140 429 223 460 Seite
249 428 342 459 Licht
365 428 434 467 hat,
461 427 535 459 oder
559 438 663 468 wenn,
689 428 759 459 falls
785 438 816 459 es
841 428 913 459 kein
936 428 1028 459 Licht
1052 437 1110 458 von
1135 429 1265 459 anderer
1290 429 1373 461 Seite

137 482 207 521 hat,
239 482 293 512 das
325 491 441 521 ganze
473 481 653 513 Gebäude
683 482 762 513 noch
793 491 863 512 von
894 482 983 513 zwei
1012 481 1103 512 oder
1128 482 1210 512 drei
1239 483 1373 513 anderen

139 535 244 567 Seiten
260 535 354 566 Licht
370 535 434 574 hat,
461 535 530 566 Sind
553 536 586 566 in
611 535 718 566 diesen
735 535 956 575 Paragraphen
972 536 1059 566 nicht
1080 535 1228 573 erwähnt,
1255 545 1372 566 woraus

135 589 228 630 folgt,
260 589 347 620 dass
377 589 416 619 in
446 589 581 620 diegen
610 589 738 620 Fällen
769 588 830 620 ein
855 588 1030 621 Servifut
1059 589 1167 621 nicht
1196 589 1371 629 eintritt,

138 643 305 674 Sondern
330 652 367 673 es
392 642 453 674 bei
478 642 495 683 8
524 645 584 675 139
610 643 820 674 bewendet.

227 706 387 737 Hiernach
416 705 539 736 können
568 706 623 737 wir
653 706 712 736 den
741 706 848 737 Inhalt
877 706 932 736 der
962 705 1000 746 SS
1033 708 1096 737 142
1125 706 1189 736 und
1222 709 1283 737 143
1314 716 1373 736 nur

137 759 234 790 dahin
257 759 425 798 auffassen,
451 759 523 790 dass
549 759 604 789 der
628 759 646 799 S
675 762 737 790 142
762 759 811 790 die
836 759 1065 799 Bedingungen
1090 759 1233 800 angiebt,
1258 760 1373 790 unter

137 813 259 844 denen
282 813 500 853 überhaupt
523 822 592 843 nur
616 822 686 844 von
711 813 818 844 einer
842 813 1061 853 Belastung
1087 813 1151 844 des
1168 814 1371 844 Nachbarn

137 866 198 897 die
222 866 322 897 Rede
348 866 429 897 Sein
453 866 566 905 kann,
592 866 745 897 nämlich:

231 924 264 965 1)
300 925 381 956 Dass
407 925 456 956 die
480 925 612 956 Fenster
637 925 733 956 Schon
762 927 800 956 10
825 924 919 956 Jahre
944 925 1125 956 vorhanden
1150 925 1235 963 gind;

227 983 261 1023 2)
296 984 378 1015 Dass
403 984 463 1015 den
479 983 770 1022 Behältnissen,
795 984 827 1015 in
846 984 1014 1015 denen-sie
1040 984 1108 1015 Sich
1131 984 1286 1023 befinden,
1312 994 1373 1015 nur

299 1047 358 1068 von
384 1037 487 1068 dieser
510 1036 609 1067 Einen
634 1036 717 1068 Seite
742 1037 835 1068 Licht
859 1036 1012 1077 geschafft
1035 1037 1157 1067 werden
1183 1037 1275 1068 kann.

136 1090 201 1120 und
232 1090 303 1120 dass
333 1089 351 1130 8
385 1092 446 1121 142
474 1090 508 1120 in
539 1089 658 1120 diesgem
699 1090 768 1120 Fall
798 1090 868 1120 dem
908 1089 1078 1120 Bauenden
1121 1089 1188 1120 eine
1231 1095 1372 1129 gröggere

137 1143 276 1174 Servitut
300 1143 430 1184 auflegt,
456 1153 545 1174 wenn
569 1143 650 1174 auch
675 1144 729 1174 das
754 1152 870 1183 ganze
894 1142 1076 1174 Gebäude
1101 1152 1161 1172 nur
1184 1142 1270 1173 diese
1295 1144 1371 1174 Eine

136 1197 208 1227 dem
224 1196 317 1227 Licht
342 1197 536 1237 ausgesetzte
553 1196 768 1228 Ausgenwand
791 1196 856 1236 hat,
882 1197 936 1228 der
960 1196 977 1237 8
998 1198 1061 1228 143
1086 1196 1161 1227 aber
1177 1197 1269 1228 unter
1294 1197 1372 1228 eben

132 1251 229 1291 jenen
246 1250 359 1282 beiden
373 1250 667 1291 Vorausgetzungen
690 1260 750 1281 nur
774 1250 842 1281 eine
867 1250 1040 1291 geringere,
1059 1250 1130 1281 falls
1149 1250 1202 1281 das
1221 1240 1371 1282 Gebäude

135 1305 215 1335 auch
241 1314 301 1335 nur
326 1304 406 1335 noch
432 1314 470 1335 an
495 1304 589 1335 Kiner
614 1304 732 1335 andern
758 1304 841 1335 Seite
867 1304 934 1335 eine
959 1305 1030 1335 dem
1046 1304 1139 1335 Licht
1167 1305 1371 1345 zugängliche

135 1358 211 1389 freie
237 1350 342 1389 Wand
365 1357 428 1389 hat.

225 1418 295 1451 Wir
325 1420 395 1451 8ind
419 1430 478 1451 uns
503 1421 655 1459 bewusst,
682 1420 753 1451 dass
778 1420 834 1451 wir
862 1420 921 1450 mit
945 1420 1048 1450 dieger
1071 1420 1205 1450 Angicht
1229 1421 1300 1451 dem
1325 1431 1372 1452 er-

91 1484 93 1515 |
134 1473 332 1506 drückenden
350 1473 491 1505 Gewicht
508 1474 562 1505 der
578 1474 637 1504 mit
654 1474 708 1505 der
716 1473 946 1511 WisSenschaft
965 1472 1059 1513 völlig
1076 1473 1371 1505 übereinstimmen-

91 1518 93 1574 |
134 1528 194 1559 den
207 1528 360 1568 Meinung
377 1528 431 1558 des
445 1528 598 1559 höchsten
616 1527 850 1558 Gerichtshofes
868 1537 944 1567 ganz
961 1526 1065 1558 iSolirt
1081 1528 1372 1569 gegenüberstehen

89 1581 92 1623 |
132 1583 198 1613 und
228 1582 331 1613 haben
361 1591 393 1612 es
423 1591 483 1612 nur
513 1581 593 1612 nach
622 1581 733 1621 langer
756 1581 820 1612 und
849 1581 1049 1622 Sorgfältiger
1072 1582 1215 1623 Prüfung
1240 1584 1370 1622 gewagt,

86 1634 88 1640 |
134 1635 272 1667 diegelbe
294 1636 327 1666 in
353 1635 455 1666 dieger
482 1635 599 1666 Schrift
623 1634 784 1666 öffentlich
809 1645 846 1666 zu
866 1636 1093 1676 vertheidigen.
1141 1636 1212 1667 Wir
1235 1636 1372 1676 glauben

133 1691 217 1729 aber,
244 1690 314 1721 dass
341 1698 453 1720 unsere
479 1688 608 1720 Gründe
632 1698 691 1720 von
717 1699 749 1720 80
774 1689 976 1730 gewichtiger
997 1690 1099 1721 Natur
1124 1690 1204 1729 sind,
1231 1690 1301 1721 dass
1317 1690 1372 1721 wir

134 1744 177 1775 Sie
203 1744 257 1775 der
280 1743 512 1784 Beurtheilung
540 1743 605 1773 und
631 1743 829 1774 eventuellen
853 1743 1017 1784 Billigung
1046 1743 1120 1774 oder
1144 1743 1371 1784 Widerlegung

133 1797 394 1838 fachkundigerer
410 1797 554 1828 Juristen
578 1797 767 1836 vorzulegen
783 1797 982 1837 verpflichtet
1005 1806 1117 1837 waren,
1143 1798 1245 1828 zumal
1259 1807 1290 1829 es
1305 1797 1372 1828 Sich

132 1860 187 1889 um
210 1851 277 1882 eine
302 1851 347 1882 im
371 1851 599 1882 eminentesten
625 1850 718 1881 Sinne
742 1850 920 1889 praktische
944 1851 1044 1891 Frage
1068 1851 1208 1882 handelt.

223 1911 282 1941 Die
317 1911 528 1942 herrschende
562 1910 715 1950 Meinung
749 1909 848 1941 findet
883 1911 944 1942 den
973 1911 1182 1942 Unterschied
1218 1912 1371 1942 zwischen

131 1963 149 2004 S
178 1967 240 1996 142
264 1964 328 1996 und
357 1966 417 1997 143
443 1964 544 2004 darin,
569 1964 641 1995 dass

207 2022 254 2064 1)
291 2023 308 2064 S
336 2026 399 2055 142
423 2033 483 2055 von
508 2023 579 2054 dem
602 2022 671 2054 Fall
696 2023 834 2062 Spreche,
860 2024 932 2055 dass
959 2024 1007 2056 die
1030 2023 1287 2055 Behältnisse
1310 2033 1372 2054 von

291 2077 399 2109 keiner
423 2077 558 2109 anderen
583 2077 628 2108 als
655 2076 710 2108 der
733 2076 975 2109 Nachbarsseite
1000 2077 1093 2109 Licht
1116 2078 1228 2115 haben,

220 2135 253 2177 2)
289 2136 307 2176 8
335 2139 397 2169 143
422 2147 483 2168 von
508 2137 578 2168 dem
604 2136 928 2177 entgegengesgetzten,
954 2137 1094 2169 nämlich
1118 2146 1207 2168 wenn
1231 2136 1280 2167 die
1305 2137 1370 2168 Be-

292 2190 488 2222 hältnisse
512 2191 593 2222 noch
617 2200 677 2222 von
702 2190 788 2221 einer
812 2191 929 2222 andern
954 2191 1037 2223 Seite
1061 2191 1154 2222 Licht
1177 2191 1289 2221 haben.
